3144 5192
638 552 780 613 CAPUT
801 549 984 612 UNIOUM.

612 857 637 934 ς.
653 857 708 918 111.
749 855 798 916 Du
812 873 1007 915 urrucrrsus.

307 1035 354 1091 tu.
376 1029 507 1089 Effectus
517 1035 650 1086 extremas
660 1027 801 1085 unctionis
815 1035 882 1085 sunt
895 1026 1037 1101 imprimis
1050 1024 1145 1102 gratis
1152 1023 1355 1084 sanctificantis

266 1140 459 1210 augmentum,
471 1146 537 1188 eum
548 1127 604 1186 illis
613 1127 738 1195 auxiliis,
750 1127 854 1199 quibus
868 1126 962 1184 anima
974 1125 1147 1194 sublevatur,
1158 1133 1186 1182 et
1195 1124 1332 1184 excitatur
1344 1145 1353 1182 :

267 1250 330 1306 quea
341 1229 438 1308 gratia,
442 1230 526 1305 Juxta
533 1226 697 1296 nonnullos,
710 1225 848 1292 tribuitur,
860 1223 974 1298 quando
984 1243 1122 1303 organum
1133 1223 1278 1297 quodlibet
1290 1243 1356 1282 sen·

266 1349 350 1389 suum
360 1327 490 1402 ungitur;
500 1327 585 1404 juxta
595 1326 677 1395 alios,
687 1326 803 1384 nonnisi
810 1325 839 1382 iu
847 1326 934 1384 totius
945 1325 1015 1383 ritus
1023 1324 1288 1384 consummatione:
1301 1323 1355 1382 tol-

266 1429 362 1487 luntur
372 1434 495 1503 peccata,
508 1427 532 1484 si
542 1443 605 1498 quae
616 1427 776 1504 supersint:
800 1425 930 1494 venialia,
939 1424 1059 1492 scilicet,
1068 1425 1097 1482 vi
1110 1422 1278 1481 sacramenti
1289 1440 1354 1499 pro·

266 1527 346 1605 pria:
360 1525 491 1584 mortalia
500 1534 593 1584 autem
604 1523 770 1584 secundarid
778 1534 807 1582 et
819 1543 870 1601 per
879 1523 1023 1592 accidens,
1035 1523 1060 1581 si
1067 1540 1101 1580 ea
1111 1521 1256 1581 admiserit
1269 1523 1352 1580 mori·

266 1623 389 1694 buudus,
404 1641 457 1682 uec
470 1643 570 1684 eorum
585 1626 697 1684 veniam
711 1623 803 1682 adhuc
820 1623 1031 1701 impetraverit:
1055 1622 1150 1681 “siin
1163 1622 1289 1698 peccatis
1306 1622 1353 1689 sit,

266 1726 444 1786 remittentur
452 1723 511 1782 ei.”
553 1724 599 1782 De
613 1742 647 1782 eo
660 1724 729 1782 dicit
741 1725 894 1783 concilium
909 1723 1127 1782 Tridentiuum:
1149 1729 1170 1757 ‘⁴
1179 1720 1239 1778 Res
1249 1721 1352 1780 etenim

266 1825 328 1884 bec
342 1823 431 1901 gratia
439 1833 484 1881 est
493 1823 617 1901 Spiritus
630 1823 737 1891 Sancti,
747 1824 830 1900 cujus
843 1823 939 1882 unctio
952 1822 1066 1890 delicta,
1075 1821 1101 1880 sl
1114 1839 1177 1894 quas
1190 1821 1248 1878 sint
1260 1819 1352 1878 adhue

267 1923 421 2002 expianda,
432 1942 465 1981 ac
474 1923 582 2000 peccati
597 1923 732 1997 reliquias
742 1921 909 2000 abstergit.”
943 1920 1088 1997 Equidem
1098 1921 1146 1994 qui
1156 1920 1210 1977 sibi
1224 1920 1354 1979 conscius

266 2032 311 2083 est
329 2024 438 2100 peccati
453 2021 589 2091 mortalis,
603 2022 638 2081 ad
652 2021 823 2098 poenitentis:
843 2031 1053 2092 sacramentum
1072 2019 1156 2078 debet
1175 2019 1348 2096 confugere:

267 2121 319 2182 sed
329 2123 354 2179 si
367 2139 425 2179 non
440 2121 531 2179 valeat
543 2120 613 2179 illud
627 2122 784 2198 suscipere,
792 2119 885 2180 adhuc
898 2119 1018 2180 idoneus
1032 2138 1096 2179 esse
1108 2120 1352 2196 poteritextremae

266 2220 404 2286 unctioni,
419 2236 474 2291 qua
487 2220 600 2286 animae,
615 2220 741 2293 alioquin
754 2221 929 2296 poenitentis,
944 2221 1047 2280 delicta
1068 2218 1224 2277 deleantur.
1267 2226 1285 2254 “
1296 2216 1354 2276 Ad·

266 2319 380 2378 hibetur
393 2326 487 2376 autern
510 2319 566 2379 hoc
588 2319 829 2388 sacramentum,”
849 2320 944 2394 inquit
956 2320 989 2378 S.
1004 2319 1144 2385 Thomas,
1166 2325 1186 2354 “
1197 2316 1353 2375 secundum

269 2418 386 2479 modum
399 2417 547 2496 cujusdam
568 2420 774 2488 medicationis,
796 2422 870 2479 sicut
889 2419 1047 2497 baptismus
1068 2435 1119 2495 per
1141 2417 1259 2477 modum
1278 2415 1356 2474 ablu·

268 2521 364 2579 tionis.
406 2518 555 2578 Medicina
579 2529 673 2579 autem
706 2518 810 2578 estad
836 2517 1000 2597 pellendum
1026 2517 1228 2576 infirmitatem.
1270 2514 1354 2574 Unde

268 2617 463 2697 principaliter
475 2619 531 2677 boc
544 2627 750 2678 sacramentum
764 2628 809 2676 est
821 2619 979 2676 institutum
1001 2616 1036 2675 ad
1060 2614 1217 2674 sanandum
1238 2614 1354 2674 infirmi·

220 2757 225 2766 -
269 2727 353 2775 tatem
367 2716 491 2791 peceati:
506 2724 537 2778 ut
549 2716 624 2773 sicut
638 2717 793 2791 baptismus
803 2726 848 2774 est
860 2714 989 2790 quaedam
1002 2714 1157 2794 spiritualis
1168 2716 1353 2794 regeneratio,

268 2825 297 2874 et
309 2814 477 2891 poenitentia
495 2812 624 2884 quoedam
638 2815 793 2890 spiritualis
813 2816 978 2884 suscitatio:
999 2817 1037 2873 ita
1056 2825 1085 2872 et
1106 2823 1236 2874 extrema
1258 2815 1353 2872 unctio

268 2914 306 2972 sit
318 2911 448 2987 quasdam
462 2911 616 2988 spiritualis
625 2914 734 2972 sanatio
744 2913 790 2972 vel
803 2915 963 2974 medicatio.
1004 2915 1084 2973 Sicut
1094 2923 1188 2973 autem
1201 2912 1352 2990 corporalis

269 3011 419 3072 medicatio
433 3014 630 3090 praesupponit
643 3014 819 3091 corporalem
834 3016 919 3073 vitam
936 3016 969 3098 ¹in
983 3013 1134 3082 medicato,
1145 3014 1183 3071 ita
1202 3013 1353 3091 spiritualis

270 3113 457 3192 spiritualem.
492 3113 532 3172 Et
551 3113 617 3174 ideo
633 3115 689 3172 hoc
709 3124 917 3174 sacramentum
937 3133 994 3173 nou
1009 3113 1090 3172 datur
1109 3123 1208 3172 eontra
1220 3112 1354 3178 desectus,

271 3215 373 3288 quibus
387 3213 541 3291 spiritualis
553 3215 609 3272 vita
622 3215 738 3282 tollitur,
752 3215 862 3273 scilicet
874 3224 972 3273 eontra
984 3221 1132 3291 peccatum
1152 3212 1298 3288 originale,
1312 3209 1357 3268 vel

271 3314 406 3378 mortale:
422 3311 473 3370 sed
487 3322 584 3370 contra
596 3314 661 3373 illos
674 3313 812 3382 defectus,
827 3314 931 3388 quibus
944 3314 1032 3372 homo
1046 3313 1227 3388 spiritualiter
1237 3311 1358 3369 infirma-

271 3420 362 3482 tur,ut
371 3431 429 3471 uon
439 3411 539 3470 babeat
552 3413 706 3488 perfectum
721 3414 848 3491 vigorem
862 3413 984 3472 adactus
997 3413 1071 3480 vitae,
1081 3413 1188 3489 gratie,
1197 3411 1242 3468 rel
1253 3409 1358 3488 gloriae.

232 3547 233 3550 =
271 3511 312 3570 Et
323 3512 371 3569 liic
384 3511 512 3570 desectus
527 3511 598 3570 nihil
611 3511 686 3571 aliud
700 3524 752 3577 est,
762 3531 846 3585 quam
861 3511 989 3586 quaedam
1003 3510 1131 3570 debilitas
1150 3519 1179 3568 et
1188 3509 1356 3588 ineptitudo,

270 3627 333 3680 qure
353 3611 382 3666 iu
396 3609 477 3666 nobis
490 3610 660 3683 relinquitur
672 3629 709 3668 ex
723 3621 839 3686 peccato
852 3612 963 3680 actuali,
979 3611 1022 3669 vel
1043 3611 1190 3688 originali:
1214 3622 1243 3668 et
1262 3619 1358 3668 contra

270 3706 346 3764 hanc
359 3703 532 3766 debilitatem
545 3707 632 3765 homo
654 3710 800 3767 roboratur
812 3729 863 3786 per
882 3709 938 3768 hoe
960 3719 1178 3769 sacramentum.
1220 3709 1280 3768 Sed
1293 3709 1358 3782 quia

271 3805 326 3864 hoc
340 3804 426 3862 robur
437 3805 526 3881 gratia
546 3805 621 3874 facit,
637 3825 700 3878 quae
720 3825 818 3866 secum
839 3827 898 3868 non
917 3811 1087 3886 compatitur
1106 3818 1272 3887 peccatum:
1295 3806 1358 3865 ideo

271 3924 308 3965 ex
326 3904 524 3978 consequenti,
536 3905 561 3963 si
572 3904 679 3964 invenit
688 3917 835 3983 peccatum
846 3908 1029 3983 aliquod,vel
1036 3909 1164 3978 mortale,
1179 3909 1225 3968 vel
1239 3907 1358 3974 veniale,

271 4004 379 4080 quoad
399 4005 521 4083 eulpam,
534 4005 608 4066 tollit
620 4007 725 4084 ipsum,
740 4005 895 4068 dummodo
916 4029 974 4069 non
994 4018 1116 4086 ponatur
1129 4010 1204 4068 obex
1227 4027 1265 4068 ex
1281 4017 1358 4084 parte

273 4098 487 4183 recipientis.''¹

313 4205 505 4266 inluserit
535 4205 590 4264 hoe
616 4216 823 4267 sacramentum
850 4208 1004 4268 valetudini
1035 4206 1249 4286 recuperande,
1264 4207 1289 4265 si
1322 4206 1360 4263 ita

272 4304 406 4382 expediat
425 4307 526 4366 animae
545 4307 638 4376 saluti,
660 4327 718 4382 quo
737 4308 855 4367 refertur
874 4307 1016 4367 excitandi
1037 4317 1175 4387 :egrotum
1197 4306 1363 4386 promissio,

547 4511 589 4575 (l)
609 4510 828 4576 Suppliiipqu.
839 4513 982 4563 marti.
1016 4513 1091 4583 Κεφ.
1145 4563 1156 4573 ,
