3172 5172
523 541 580 604 DE
602 541 889 605 cunnensium
909 541 1045 605 Missi.
1273 551 1329 608 1⁰8

232 720 262 770 et
275 711 404 781 sabbato,
413 711 498 771 unica
511 710 613 770 dicitur
625 713 729 782 Missa,
738 712 946 781 conventualis,
957 711 1076 780 scilicet,
1086 727 1137 770 seu
1146 711 1328 788 parochialis,

234 829 323 884 quam
337 811 503 870 solemniter
514 813 620 870 cantani
640 813 784 881 convenit,
800 812 930 884 quamvis
944 812 1054 871 omissa
1067 811 1118 870 illa
1135 812 1328 883 solemnitate,

235 895 370 968 sacerdos
383 913 413 970 in
425 929 478 970 sua
491 913 641 980 missione,
653 929 703 970 seu
718 911 851 989 parteoia,
862 913 954 989 possit
966 911 1120 979 celebrare,
1132 911 1328 974 deficientibus

237 1011 385 1068 ministris.

274 1112 324 1166 st.
347 1109 460 1185 Saepius
473 1111 503 1167 in
513 1109 614 1169 eadem
629 1108 674 1168 die
685 1110 793 1168 Missas
804 1109 945 1168 celebrare
955 1109 1025 1168 olim
1035 1109 1134 1167 licuit:
1149 1109 1329 1182 quodtamen

235 1207 382 1285 prohibuit
394 1208 579 1268 Innocentius
593 1205 665 1268 III.l
684 1209 833 1286 excipiens
848 1217 956 1268 tantum
974 1208 1150 1268 necessitatis
1171 1227 1287 1268 causam
1300 1219 1329 1269 et

234 1306 310 1365 diem
327 1307 462 1366 Natalem
476 1305 587 1368 Christi
600 1307 730 1376 Domini,
739 1309 769 1366 in
782 1327 839 1381 qua
851 1317 893 1366 ter
905 1308 1071 1375 celebratur,
1084 1326 1137 1385 pro
1148 1307 1329 1368 sacerdotum

235 1406 361 1465 arbitrio.
403 1406 438 1465 In
453 1406 615 1484 Hispanico
628 1417 656 1465 et
675 1407 902 1484 Ulyssiponensi
915 1405 1032 1475 ditione,
1047 1414 1089 1464 ter
1107 1408 1192 1466 etiam
1206 1408 1236 1466 in
1250 1425 1329 1467 com·

235 1506 443 1564 memoratione
456 1505 583 1566 fidelium
598 1506 806 1574 defunctorum,
822 1524 859 1564 ex
868 1505 986 1582 speciali
1005 1503 1114 1564 indulto
1132 1514 1161 1563 et
1179 1517 1328 1566 consuetu·

237 1601 316 1672 dine,
331 1605 473 1663 celebrare
492 1606 569 1664 licet.
604 1605 686 1664 Solet
705 1604 766 1664 fieri
787 1605 904 1662 facultas
927 1605 1071 1681 episcopis
1092 1605 1177 1682 hujus
1200 1607 1327 1685 regionis

208 1709 212 1718 '
238 1703 413 1762 concedendi
426 1713 593 1781 potestatem
608 1703 801 1763 sacerdotibus
828 1705 871 1762 bis
885 1703 1054 1772 celebrandi,
1070 1711 1090 1739 “
1099 1723 1137 1763 ex
1150 1706 1327 1781 gravissimis

237 1810 335 1860 tamen
360 1804 463 1872 causis,
490 1813 519 1862 et
545 1805 689 1862 rarissime
700 1802 731 1871 ;”
766 1821 851 1861 causa
884 1812 979 1861 autem
1009 1821 1091 1876 aequa
1122 1811 1175 1872 est,
1202 1805 1227 1862 si
1262 1806 1326 1878 quis

236 1898 306 1958 duas
327 1904 572 1980 congregationes,
587 1921 637 1960 seu
658 1902 805 1980 paroecias,
820 1901 934 1969 invisat,
947 1901 992 1959 vel
1013 1902 1089 1974 quod
1109 1900 1236 1960 fidelium
1256 1902 1328 1961 mul·
1358 1955 1361 1960 .

238 2001 327 2060 titudo
340 2011 396 2081 tota
410 2012 533 2076 nequeat
553 2002 639 2060 simul
652 2003 829 2078 congregari.
871 2000 902 2058 N
904 2020 941 2076 on
956 1999 1067 2058 videtur
1079 2019 1165 2060 causa
1181 2001 1327 2061 sufficiens

238 2099 415 2175 plerumque,
443 2101 521 2174 quod
547 2099 663 2176 quidam
689 2100 900 2159 communicare
927 2100 1024 2168 velint,
1051 2101 1101 2173 qui
1126 2102 1176 2159 vix
1208 2111 1328 2178 possunt

235 2217 348 2258 manere
365 2202 461 2279 jejuni
474 2200 509 2259 ad
529 2210 642 2277 tempus
662 2209 833 2259 consuetum
853 2199 1030 2258 celebrande
1051 2200 1169 2272 Missae:
1192 2201 1228 2259 iis
1248 2203 1326 2261 enim

235 2302 402 2358 communio
417 2309 497 2357 extra
510 2300 634 2358 Missam
643 2299 703 2358 dari
717 2299 830 2376 poterit,
845 2299 870 2356 si
883 2297 984 2357 hostiae
998 2308 1168 2358 consecrate
1177 2301 1207 2358 in
1218 2301 1328 2360 ciborio

236 2398 315 2465 sint,
330 2397 376 2456 vel
390 2397 467 2471 quod
482 2397 603 2457 Sorores
622 2399 764 2457 charitatis
778 2406 844 2457 vota
865 2397 993 2456 emittere
1008 2397 1097 2455 velint
1115 2399 1168 2456 sub
1181 2415 1327 2457 consecra·

236 2495 355 2565 tionem,
370 2515 433 2570 quae
448 2497 549 2555 nolunt
561 2497 696 2574 proferre,
712 2505 768 2556 tota
782 2504 954 2574 congregata
963 2494 1154 2554 multitudine.
1175 2496 1326 2556 Inindulto

237 2595 406 2674 Apostolico
421 2595 523 2656 “serid
536 2598 629 2676 ipsius
644 2595 799 2679 (episcopi)
810 2597 994 2665 ,conscientiae
1008 2595 1174 2674 injungitur,
1183 2604 1215 2653 ut
1227 2598 1326 2674 paucis

235 2693 381 2766 duntaxat,
395 2698 489 2770 iisque
500 2698 660 2756 maturioris
673 2696 841 2774 prudentiae,
856 2716 888 2754 ac
902 2697 968 2765 zeli,
982 2697 1074 2770 etqui
1087 2696 1214 2755 absolute
1228 2714 1327 2754 neces·

234 2796 301 2853 sarii
315 2805 391 2865 sunt,
406 2816 460 2855 nec
474 2815 527 2874 pro
542 2798 670 2870 quolibet
681 2797 757 2865 loco,
771 2796 822 2880 sed
835 2797 885 2854 ubi
897 2798 991 2873 gravis
1010 2798 1165 2856 necessitas
1179 2796 1284 2866 tulerit,
1298 2804 1327 2855 et

148 2963 150 2968 Ι
235 2892 270 2951 ad
292 2895 377 2953 breve
404 2905 517 2974 tempus
544 2896 665 2955 eandem
687 2897 889 2964 communicet,
910 2905 958 2953 aut
977 2897 1135 2974 respective
1156 2915 1256 2954 causas
1278 2916 1327 2973 ap·

236 2994 369 3068 probet.’'

273 3097 323 3151 85.
347 3095 462 3154 “Missa
476 3096 594 3172 privata,
602 3094 703 3153 saltem
711 3103 777 3171 post
789 3093 965 3152 Matutinum
974 3101 1003 3150 et
1011 3091 1135 3159 Laudes,
1147 3110 1325 3164 quacumque

234 3190 304 3249 hora
317 3195 352 3252 ab
366 3206 569 3267 aurora'usque
584 3194 619 3252 ad
630 3193 778 3253 meridiem
792 3192 848 3251 dici
861 3190 989 3269 potest.”
1030 3191 1073 3249 Ita
1082 3190 1326 3249 habentRubricae

235 3289 376 3351 Missalis.
417 3293 504 3371 Apud
519 3313 572 3352 nos
586 3312 625 3352 ex
644 3293 754 3353 indulto
768 3293 884 3369 speciali
905 3291 962 3350 dici
982 3300 1078 3370 potest
1095 3309 1152 3348 una
1169 3276 1326 3350 ¹horu'ante

233 3408 373 3460 auroram,
387 3393 433 3451 vel
446 3404 515 3469 post
529 3391 688 3452 meridiem.
730 3394 764 3452 ln
785 3393 963 3460 necessitate,
978 3390 1013 3449 ad
1034 3389 1159 3448 dandum
1181 3391 1326 3458 Viatioum

234 3491 370 3550 morituro
384 3495 575 3553 communiter
594 3491 692 3550 dicunt
705 3492 830 3568 theologi
849 3491 935 3549 licere
955 3490 1049 3550 media
1069 3498 1152 3547 nocte
1174 3489 1325 3548 celebrare.

234 3588 267 3648 In
281 3600 363 3649 nocte
385 3575 549 3651 Natiuitatis
569 3593 638 3650 licet
658 3592 781 3650 Missam
801 3591 960 3650 solemnem
981 3591 1145 3657 celebrare;
1166 3589 1327 3651 sed,“n0n

234 3687 299 3754 licet
312 3691 341 3750 in
356 3691 453 3750 media
472 3700 556 3751 nocte
577 3691 743 3750 Natiuitatis
764 3689 884 3750 Domini
904 3691 1045 3750 celebrare
1071 3691 1234 3748 successive
1255 3690 1324 3748 alias

232 3786 313 3856 duas,
328 3799 357 3848 ct
371 3791 602 3850 communionem
614 3810 724 3850 sacram
738 3784 923 3851 exhibere.’'²
962 3792 1063 3850 Missae
1074 3790 1232 3866 privataeea
1243 3799 1326 3848 nocte

236 3905 295 3944 non
309 3890 516 3963 permittuntur.

276 3989 326 4042 86.
348 3987 436 4045 Omni
449 3989 506 4058 die,
520 3998 709 4066 praeterquam
722 3989 751 4047 in
765 3988 810 4046 die
824 3988 946 4046 Veneris
967 3988 1068 4055 sancti,
1083 3985 1206 4044 Missam
1220 3984 1325 4042 solem·

234 4103 311 4153 nem,
337 4104 389 4144 seu
415 4089 641 4157 conventualem,
668 4088 811 4150 celebrare
836 4087 922 4146 licet:
954 4087 1055 4146 Missae
1091 4093 1184 4140 autem
1211 4082 1327 4158 privatae

234 4185 421 4261 prohibentur
433 4189 463 4248 in
477 4209 559 4247 coena
572 4188 726 4246 Dominiet
739 4186 862 4244 Sabbato
872 4186 988 4252 Sancto,
996 4184 1038 4242 uti
1047 4183 1138 4254 liquet
1147 4199 1185 4238 ex
1199 4181 1326 4258 pluribus

235 4282 356 4346 decretis
379 4289 477 4348 relatis
498 4285 520 4345 a'
535 4290 568 4346 S.
589 4287 751 4364 Alphonso.
793 4284 916 4343 Indulsit
941 4293 1035 4344 autem
1057 4279 1195 4338 Clemens
1219 4280 1273 4340 XI.
1297 4292 1328 4340 ut

273 4505 315 4574 (l)
336 4501 377 4553 Ex
389 4518 442 4570 cap.
454 4501 488 4552 iti.
501 4500 529 4552 de
541 4499 650 4554 cestros.
887 4497 929 4563 (2)
950 4495 976 4544 S.
990 4493 1020 4546 O.
1032 4493 1082 4545 itit
1096 4494 1136 4543 18.
1147 4491 1207 4546 Dec.
1216 4495 1294 4553 gitta.
