<?xml version="1.0" encoding="UTF-8"?>
<!DOCTYPE html PUBLIC "-//W3C//DTD XHTML 1.0 Transitional//EN"
    "http://www.w3.org/TR/xhtml1/DTD/xhtml1-transitional.dtd">
<html xmlns="http://www.w3.org/1999/xhtml" xml:lang="en" lang="en">
 <head>
  <title>
</title>
<meta http-equiv="Content-Type" content="text/html;charset=utf-8" />
  <meta name='ocr-system' content='tesseract 3.04.00' />
  <meta name='ocr-capabilities' content='ocr_page ocr_carea ocr_par ocr_line ocrx_word'/>
</head>
<body>
  <div class='ocr_page' id='page_1' title='image "./theologiaemoral02kenrgoog_0153.png"; bbox 0 0 3172 5172; ppageno 0'>
   <div class='ocr_carea' id='block_1_1' title="bbox 249 555 984 626">
    <p class='ocr_par' dir='ltr' id='par_1_1' title="bbox 249 555 984 626">
     <span class='ocr_line' id='line_1_1' title="bbox 249 555 984 626; baseline -0.014 0"><span class='ocrx_word' id='word_1_1' title='bbox 249 571 306 626; x_wconf 78' lang='lat'><strong>136</strong></span> <span class='ocrx_word' id='word_1_2' title='bbox 593 555 650 616; x_wconf 86' lang='lat' dir='ltr'><strong>DE</strong></span> <span class='ocrx_word' id='word_1_3' title='bbox 674 555 984 618; x_wconf 82' lang='lat' dir='ltr'>CONTRITIONE.</span> 
     </span>
    </p>
   </div>
   <div class='ocr_carea' id='block_1_2' title="bbox 212 723 1337 2186">
    <p class='ocr_par' dir='ltr' id='par_1_2' title="bbox 212 723 1337 1298">
     <span class='ocr_line' id='line_1_2' title="bbox 247 723 1333 803; baseline -0.002 -15"><span class='ocrx_word' id='word_1_4' title='bbox 247 729 350 803; x_wconf 86' lang='lat' dir='ltr'><strong>aliquis</strong></span> <span class='ocrx_word' id='word_1_5' title='bbox 364 728 420 787; x_wconf 89' lang='lat' dir='ltr'><strong>hoc</strong></span> <span class='ocrx_word' id='word_1_6' title='bbox 432 724 519 786; x_wconf 90' lang='lat' dir='ltr'><strong>modo</strong></span> <span class='ocrx_word' id='word_1_7' title='bbox 533 726 620 783; x_wconf 83' lang='lat' dir='ltr'><strong>fertur</strong></span> <span class='ocrx_word' id='word_1_8' title='bbox 631 723 791 784; x_wconf 88' lang='lat' dir='ltr'><strong>secundum</strong></span> <span class='ocrx_word' id='word_1_9' title='bbox 805 723 937 783; x_wconf 86' lang='lat' dir='ltr'><strong>affectum</strong></span> <span class='ocrx_word' id='word_1_10' title='bbox 960 724 990 782; x_wconf 91' lang='lat' dir='ltr'><strong>in</strong></span> <span class='ocrx_word' id='word_1_11' title='bbox 1003 723 1099 784; x_wconf 89' lang='lat' dir='ltr'><strong>Deum</strong></span> <span class='ocrx_word' id='word_1_12' title='bbox 1113 731 1142 782; x_wconf 90' lang='lat' dir='ltr'><strong>et</strong></span> <span class='ocrx_word' id='word_1_13' title='bbox 1154 743 1198 784; x_wconf 89' lang='lat' dir='ltr'><strong>res</strong></span> <span class='ocrx_word' id='word_1_14' title='bbox 1212 725 1333 796; x_wconf 86' lang='lat' dir='ltr'><strong>divinas,</strong></span> 
     </span>
     <span class='ocr_line' id='line_1_3' title="bbox 246 822 1337 901; baseline -0.002 -14"><span class='ocrx_word' id='word_1_15' title='bbox 246 838 278 888; x_wconf 90' lang='lat' dir='ltr'><strong>ut</strong></span> <span class='ocrx_word' id='word_1_16' title='bbox 290 826 427 901; x_wconf 91' lang='lat' dir='ltr'><strong>quicquid</strong></span> <span class='ocrx_word' id='word_1_17' title='bbox 439 826 494 884; x_wconf 84' lang='lat' dir='ltr'><strong>sibi</strong></span> <span class='ocrx_word' id='word_1_18' title='bbox 514 832 675 883; x_wconf 89' lang='lat' dir='ltr'><strong>occurreret</strong></span> <span class='ocrx_word' id='word_1_19' title='bbox 688 822 765 896; x_wconf 91' lang='lat' dir='ltr'><strong>quod</strong></span> <span class='ocrx_word' id='word_1_20' title='bbox 778 841 844 881; x_wconf 90' lang='lat' dir='ltr'><strong>eum</strong></span> <span class='ocrx_word' id='word_1_21' title='bbox 867 823 901 880; x_wconf 89' lang='lat' dir='ltr'><strong>ab</strong></span> <span class='ocrx_word' id='word_1_22' title='bbox 922 822 978 881; x_wconf 91' lang='lat' dir='ltr'><strong>hoc</strong></span> <span class='ocrx_word' id='word_1_23' title='bbox 998 833 1077 884; x_wconf 89' lang='lat' dir='ltr'><strong>motu</strong></span> <span class='ocrx_word' id='word_1_24' title='bbox 1098 824 1260 895; x_wconf 89' lang='lat' dir='ltr'><strong>retardaret,</strong></span> <span class='ocrx_word' id='word_1_25' title='bbox 1282 827 1337 885; x_wconf 85' lang='lat' dir='ltr'><strong>dis·</strong></span> 
     </span>
     <span class='ocr_line' id='line_1_4' title="bbox 212 919 1334 1005; baseline -0.001 -20"><span class='ocrx_word' id='word_1_26' title='bbox 212 919 218 930; x_wconf 83' lang='lat'>&#39;</span> <span class='ocrx_word' id='word_1_27' title='bbox 247 928 368 1005; x_wconf 89' lang='lat' dir='ltr'><strong>pliceret</strong></span> <span class='ocrx_word' id='word_1_28' title='bbox 380 927 418 993; x_wconf 89' lang='lat' dir='ltr'><strong>ei,</strong></span> <span class='ocrx_word' id='word_1_29' title='bbox 432 935 461 983; x_wconf 91' lang='lat' dir='ltr'><strong>et</strong></span> <span class='ocrx_word' id='word_1_30' title='bbox 474 922 582 982; x_wconf 83' lang='lat' dir='ltr'>doleret</span> <span class='ocrx_word' id='word_1_31' title='bbox 602 939 634 979; x_wconf 85' lang='lat' dir='ltr'><strong>se</strong></span> <span class='ocrx_word' id='word_1_32' title='bbox 648 921 709 979; x_wconf 82' lang='lat' dir='ltr'><strong>haec</strong></span> <span class='ocrx_word' id='word_1_33' title='bbox 723 922 929 988; x_wconf 84' lang='lat' dir='ltr'><strong>commississe,</strong></span> <span class='ocrx_word' id='word_1_34' title='bbox 943 923 1029 980; x_wconf 91' lang='lat' dir='ltr'><strong>etiam</strong></span> <span class='ocrx_word' id='word_1_35' title='bbox 1042 923 1068 980; x_wconf 86' lang='lat' dir='ltr'><strong>si</strong></span> <span class='ocrx_word' id='word_1_36' title='bbox 1087 931 1150 981; x_wconf 90' lang='lat' dir='ltr'><strong>actu</strong></span> <span class='ocrx_word' id='word_1_37' title='bbox 1164 922 1199 980; x_wconf 92' lang='lat' dir='ltr'><strong>de</strong></span> <span class='ocrx_word' id='word_1_38' title='bbox 1212 925 1264 984; x_wconf 92' lang='lat' dir='ltr'><strong>illo</strong></span> <span class='ocrx_word' id='word_1_39' title='bbox 1277 943 1334 984; x_wconf 89' lang='lat' dir='ltr'><strong>non</strong></span> 
     </span>
     <span class='ocr_line' id='line_1_5' title="bbox 247 1019 1335 1102; baseline -0.002 -18"><span class='ocrx_word' id='word_1_40' title='bbox 247 1019 432 1102; x_wconf 84' lang='lat' dir='ltr'><strong>cogitaret.”1</strong></span> <span class='ocrx_word' id='word_1_41' title='bbox 464 1022 524 1080; x_wconf 86' lang='lat' dir='ltr'><strong>Sed</strong></span> <span class='ocrx_word' id='word_1_42' title='bbox 544 1020 605 1079; x_wconf 87' lang='lat' dir='ltr'><strong>fieri</strong></span> <span class='ocrx_word' id='word_1_43' title='bbox 620 1029 716 1097; x_wconf 86' lang='lat' dir='ltr'><strong>potest</strong></span> <span class='ocrx_word' id='word_1_44' title='bbox 735 1029 766 1080; x_wconf 91' lang='lat' dir='ltr'><strong>ut</strong></span> <span class='ocrx_word' id='word_1_45' title='bbox 779 1021 842 1094; x_wconf 88' lang='lat' dir='ltr'><strong>quis</strong></span> <span class='ocrx_word' id='word_1_46' title='bbox 858 1019 1035 1094; x_wconf 88' lang='lat' dir='ltr'><strong>quarundam</strong></span> <span class='ocrx_word' id='word_1_47' title='bbox 1054 1022 1202 1097; x_wconf 89' lang='lat' dir='ltr'><strong>culparum</strong></span> <span class='ocrx_word' id='word_1_48' title='bbox 1222 1025 1335 1082; x_wconf 88' lang='lat' dir='ltr'><strong>veniam</strong></span> 
     </span>
     <span class='ocr_line' id='line_1_6' title="bbox 247 1120 1333 1199; baseline -0.005 -16"><span class='ocrx_word' id='word_1_49' title='bbox 247 1123 371 1183; x_wconf 87' lang='lat' dir='ltr'><strong>dolendo</strong></span> <span class='ocrx_word' id='word_1_50' title='bbox 389 1123 530 1199; x_wconf 81' lang='lat' dir='ltr'><strong>impetret,</strong></span> <span class='ocrx_word' id='word_1_51' title='bbox 543 1120 612 1193; x_wconf 90' lang='lat' dir='ltr'><strong>quin</strong></span> <span class='ocrx_word' id='word_1_52' title='bbox 631 1138 732 1178; x_wconf 90' lang='lat' dir='ltr'><strong>omnes</strong></span> <span class='ocrx_word' id='word_1_53' title='bbox 753 1120 780 1178; x_wconf 91' lang='lat' dir='ltr'><strong>ei</strong></span> <span class='ocrx_word' id='word_1_54' title='bbox 805 1121 990 1198; x_wconf 79' lang='lat' dir='ltr'><strong>remittantur,</strong></span> <span class='ocrx_word' id='word_1_55' title='bbox 1015 1138 1102 1194; x_wconf 90' lang='lat' dir='ltr'><strong>quum</strong></span> <span class='ocrx_word' id='word_1_56' title='bbox 1128 1122 1221 1196; x_wconf 82' lang='lat' dir='ltr'><strong>poerit</strong></span> <span class='ocrx_word' id='word_1_57' title='bbox 1243 1123 1333 1198; x_wconf 84' lang='lat' dir='ltr'><strong>magis</strong></span> 
     </span>
     <span class='ocr_line' id='line_1_7' title="bbox 248 1218 692 1298; baseline -0.016 -15"><span class='ocrx_word' id='word_1_58' title='bbox 248 1225 380 1282; x_wconf 86' lang='lat' dir='ltr'><strong>minusve</strong></span> <span class='ocrx_word' id='word_1_59' title='bbox 394 1228 525 1298; x_wconf 88' lang='lat' dir='ltr'><strong>acceptus</strong></span> <span class='ocrx_word' id='word_1_60' title='bbox 537 1218 602 1276; x_wconf 92' lang='lat' dir='ltr'><strong>Deo</strong></span> <span class='ocrx_word' id='word_1_61' title='bbox 616 1237 692 1277; x_wconf 87' lang='lat' dir='ltr'><strong>esse.</strong></span> 
     </span>
    </p>

    <p class='ocr_par' dir='ltr' id='par_1_3' title="bbox 243 1316 1337 2186">
     <span class='ocr_line' id='line_1_8' title="bbox 290 1316 1334 1396; baseline -0.004 -17"><span class='ocrx_word' id='word_1_62' title='bbox 290 1326 337 1380; x_wconf 88' lang='lat'><strong>18.</strong></span> <span class='ocrx_word' id='word_1_63' title='bbox 359 1320 479 1386; x_wconf 84' lang='lat' dir='ltr'><strong>Quoties</strong></span> <span class='ocrx_word' id='word_1_64' title='bbox 502 1318 567 1391; x_wconf 87' lang='lat' dir='ltr'><strong>qnis</strong></span> <span class='ocrx_word' id='word_1_65' title='bbox 588 1317 696 1376; x_wconf 90' lang='lat' dir='ltr'><strong>accedit</strong></span> <span class='ocrx_word' id='word_1_66' title='bbox 721 1316 755 1374; x_wconf 91' lang='lat' dir='ltr'><strong>ad</strong></span> <span class='ocrx_word' id='word_1_67' title='bbox 782 1318 990 1377; x_wconf 88' lang='lat' dir='ltr'><strong>absolutionem</strong></span> <span class='ocrx_word' id='word_1_68' title='bbox 1013 1317 1218 1396; x_wconf 85' lang='lat' dir='ltr'><strong>impetrandam</strong></span> <span class='ocrx_word' id='word_1_69' title='bbox 1240 1319 1334 1377; x_wconf 92' lang='lat' dir='ltr'><strong>venia·</strong></span> 
     </span>
     <span class='ocr_line' id='line_1_9' title="bbox 245 1416 1336 1486; baseline -0.005 -7"><span class='ocrx_word' id='word_1_70' title='bbox 245 1423 315 1480; x_wconf 93' lang='lat' dir='ltr'><strong>lium</strong></span> <span class='ocrx_word' id='word_1_71' title='bbox 343 1427 449 1476; x_wconf 85' lang='lat' dir='ltr'><strong>tantum</strong></span> <span class='ocrx_word' id='word_1_72' title='bbox 472 1417 638 1475; x_wconf 83' lang='lat' dir='ltr'><strong>delictorum</strong></span> <span class='ocrx_word' id='word_1_73' title='bbox 660 1435 736 1484; x_wconf 85' lang='lat' dir='ltr'><strong>reus,</strong></span> <span class='ocrx_word' id='word_1_74' title='bbox 757 1416 841 1474; x_wconf 91' lang='lat' dir='ltr'><strong>debet</strong></span> <span class='ocrx_word' id='word_1_75' title='bbox 863 1417 898 1474; x_wconf 91' lang='lat' dir='ltr'><strong>de</strong></span> <span class='ocrx_word' id='word_1_76' title='bbox 919 1436 977 1475; x_wconf 89' lang='lat' dir='ltr'><strong>uno</strong></span> <span class='ocrx_word' id='word_1_77' title='bbox 997 1419 1097 1476; x_wconf 82' lang='lat' dir='ltr'><strong>saltem</strong></span> <span class='ocrx_word' id='word_1_78' title='bbox 1119 1418 1225 1486; x_wconf 88' lang='lat' dir='ltr'><strong>dolere,</strong></span> <span class='ocrx_word' id='word_1_79' title='bbox 1246 1427 1277 1475; x_wconf 90' lang='lat' dir='ltr'><strong>ut</strong></span> <span class='ocrx_word' id='word_1_80' title='bbox 1299 1417 1336 1475; x_wconf 87' lang='lat' dir='ltr'><strong>sit</strong></span> 
     </span>
     <span class='ocr_line' id='line_1_10' title="bbox 245 1514 1334 1593; baseline -0.006 -15"><span class='ocrx_word' id='word_1_81' title='bbox 245 1520 324 1578; x_wconf 88' lang='lat' dir='ltr'><strong>locus</strong></span> <span class='ocrx_word' id='word_1_82' title='bbox 338 1518 429 1576; x_wconf 87' lang='lat' dir='ltr'><strong>veniae</strong></span> <span class='ocrx_word' id='word_1_83' title='bbox 442 1514 641 1593; x_wconf 80' lang='lat' dir='ltr'><strong>indulgendae:</strong></span> <span class='ocrx_word' id='word_1_84' title='bbox 664 1533 746 1574; x_wconf 88' lang='lat' dir='ltr'><strong>secus</strong></span> <span class='ocrx_word' id='word_1_85' title='bbox 760 1515 862 1572; x_wconf 84' lang='lat' dir='ltr'><strong>frustra</strong></span> <span class='ocrx_word' id='word_1_86' title='bbox 874 1516 1054 1592; x_wconf 84' lang='lat' dir='ltr'><strong>proferentur</strong></span> <span class='ocrx_word' id='word_1_87' title='bbox 1072 1517 1225 1574; x_wconf 85' lang='lat' dir='ltr'><strong>sacerdotis</strong></span> <span class='ocrx_word' id='word_1_88' title='bbox 1239 1517 1334 1583; x_wconf 89' lang='lat' dir='ltr'><strong>verba,</strong></span> 
     </span>
     <span class='ocr_line' id='line_1_11' title="bbox 245 1605 1334 1694; baseline 0 -20"><span class='ocrx_word' id='word_1_89' title='bbox 245 1627 273 1674; x_wconf 89' lang='lat' dir='ltr'><strong>et</strong></span> <span class='ocrx_word' id='word_1_90' title='bbox 293 1619 396 1694; x_wconf 89' lang='lat' dir='ltr'><strong>injuria</strong></span> <span class='ocrx_word' id='word_1_91' title='bbox 408 1616 512 1693; x_wconf 83' lang='lat' dir='ltr'><strong>gravis,</strong></span> <span class='ocrx_word' id='word_1_92' title='bbox 527 1616 568 1673; x_wconf 91' lang='lat' dir='ltr'><strong>uti</strong></span> <span class='ocrx_word' id='word_1_93' title='bbox 578 1605 706 1690; x_wconf 79' lang='lat' dir='ltr'><strong>plerique</strong></span> <span class='ocrx_word' id='word_1_94' title='bbox 727 1623 853 1682; x_wconf 89' lang='lat' dir='ltr'><strong>censent,</strong></span> <span class='ocrx_word' id='word_1_95' title='bbox 869 1615 918 1671; x_wconf 84' lang='lat' dir='ltr'><strong>fiet</strong></span> <span class='ocrx_word' id='word_1_96' title='bbox 930 1613 1061 1683; x_wconf 81' lang='lat' dir='ltr'><strong>Christo,</strong></span> <span class='ocrx_word' id='word_1_97' title='bbox 1076 1617 1157 1692; x_wconf 87' lang='lat' dir='ltr'><strong>cujus</strong></span> <span class='ocrx_word' id='word_1_98' title='bbox 1176 1617 1334 1674; x_wconf 83' lang='lat' dir='ltr'><strong>institutum</strong></span> 
     </span>
     <span class='ocr_line' id='line_1_12' title="bbox 246 1711 1336 1791; baseline -0.005 -15"><span class='ocrx_word' id='word_1_99' title='bbox 246 1717 356 1776; x_wconf 89' lang='lat' dir='ltr'><strong>nullum</strong></span> <span class='ocrx_word' id='word_1_100' title='bbox 372 1716 404 1773; x_wconf 89' lang='lat' dir='ltr'><strong>fit</strong></span> <span class='ocrx_word' id='word_1_101' title='bbox 425 1723 454 1772; x_wconf 90' lang='lat' dir='ltr'><strong>et</strong></span> <span class='ocrx_word' id='word_1_102' title='bbox 466 1717 568 1772; x_wconf 90' lang='lat' dir='ltr'><strong>inane:</strong></span> <span class='ocrx_word' id='word_1_103' title='bbox 591 1713 745 1771; x_wconf 91' lang='lat' dir='ltr'><strong>nonenim</strong></span> <span class='ocrx_word' id='word_1_104' title='bbox 765 1711 912 1771; x_wconf 86' lang='lat' dir='ltr'><strong>dimittitur</strong></span> <span class='ocrx_word' id='word_1_105' title='bbox 933 1723 1082 1790; x_wconf 91' lang='lat' dir='ltr'><strong>peccatum</strong></span> <span class='ocrx_word' id='word_1_106' title='bbox 1104 1716 1159 1773; x_wconf 90' lang='lat' dir='ltr'><strong>nisi</strong></span> <span class='ocrx_word' id='word_1_107' title='bbox 1180 1715 1336 1791; x_wconf 71' lang='lat' dir='ltr'><strong>poenitenti.</strong></span> 
     </span>
     <span class='ocr_line' id='line_1_13' title="bbox 243 1811 1337 1891; baseline -0.002 -19"><span class='ocrx_word' id='word_1_108' title='bbox 243 1815 470 1891; x_wconf 76' lang='lat' dir='ltr'><strong>Caeterumopus</strong></span> <span class='ocrx_word' id='word_1_109' title='bbox 480 1820 599 1878; x_wconf 89' lang='lat' dir='ltr'><strong>nonest,</strong></span> <span class='ocrx_word' id='word_1_110' title='bbox 609 1813 694 1889; x_wconf 83' lang='lat' dir='ltr'><strong>juxta</strong></span> <span class='ocrx_word' id='word_1_111' title='bbox 703 1811 864 1888; x_wconf 89' lang='lat' dir='ltr'><strong>plerosque,</strong></span> <span class='ocrx_word' id='word_1_112' title='bbox 873 1821 904 1869; x_wconf 90' lang='lat' dir='ltr'><strong>ut</strong></span> <span class='ocrx_word' id='word_1_113' title='bbox 916 1813 1031 1890; x_wconf 87' lang='lat' dir='ltr'><strong>singula</strong></span> <span class='ocrx_word' id='word_1_114' title='bbox 1039 1822 1154 1889; x_wconf 89' lang='lat' dir='ltr'><strong>peccata</strong></span> <span class='ocrx_word' id='word_1_115' title='bbox 1163 1813 1237 1872; x_wconf 88' lang='lat' dir='ltr'><strong>levia</strong></span> <span class='ocrx_word' id='word_1_116' title='bbox 1247 1813 1337 1871; x_wconf 80' lang='lat' dir='ltr'><strong>detes-</strong></span> 
     </span>
     <span class='ocr_line' id='line_1_14' title="bbox 248 1911 1332 1987; baseline -0.005 -14"><span class='ocrx_word' id='word_1_117' title='bbox 248 1923 331 1982; x_wconf 87' lang='lat' dir='ltr'><strong>tetur,</strong></span> <span class='ocrx_word' id='word_1_118' title='bbox 346 1932 412 1973; x_wconf 86' lang='lat' dir='ltr'><strong>nam</strong></span> <span class='ocrx_word' id='word_1_119' title='bbox 426 1931 515 1972; x_wconf 91' lang='lat' dir='ltr'><strong>unum</strong></span> <span class='ocrx_word' id='word_1_120' title='bbox 537 1913 643 1985; x_wconf 84' lang='lat' dir='ltr'><strong>absque</strong></span> <span class='ocrx_word' id='word_1_121' title='bbox 658 1912 745 1969; x_wconf 90' lang='lat' dir='ltr'><strong>altero</strong></span> <span class='ocrx_word' id='word_1_122' title='bbox 758 1911 863 1969; x_wconf 86' lang='lat' dir='ltr'><strong>remitti</strong></span> <span class='ocrx_word' id='word_1_123' title='bbox 877 1920 980 1987; x_wconf 85' lang='lat' dir='ltr'><strong>potest,</strong></span> <span class='ocrx_word' id='word_1_124' title='bbox 995 1931 1082 1984; x_wconf 90' lang='lat' dir='ltr'><strong>quum</strong></span> <span class='ocrx_word' id='word_1_125' title='bbox 1096 1911 1216 1970; x_wconf 90' lang='lat' dir='ltr'><strong>charitas</strong></span> <span class='ocrx_word' id='word_1_126' title='bbox 1229 1930 1262 1968; x_wconf 89' lang='lat' dir='ltr'><strong>ea</strong></span> <span class='ocrx_word' id='word_1_127' title='bbox 1275 1929 1332 1972; x_wconf 87' lang='lat' dir='ltr'><strong>uon</strong></span> 
     </span>
     <span class='ocr_line' id='line_1_15' title="bbox 248 2009 1332 2087; baseline -0.005 -14"><span class='ocrx_word' id='word_1_128' title='bbox 248 2014 412 2073; x_wconf 83' lang='lat' dir='ltr'><strong>necessario</strong></span> <span class='ocrx_word' id='word_1_129' title='bbox 439 2011 579 2070; x_wconf 83' lang='lat' dir='ltr'><strong>excludat.</strong></span> <span class='ocrx_word' id='word_1_130' title='bbox 623 2009 670 2067; x_wconf 91' lang='lat' dir='ltr'><strong>Dc</strong></span> <span class='ocrx_word' id='word_1_131' title='bbox 701 2010 881 2069; x_wconf 90' lang='lat' dir='ltr'><strong>multitudine</strong></span> <span class='ocrx_word' id='word_1_132' title='bbox 907 2021 935 2068; x_wconf 91' lang='lat' dir='ltr'><strong>et</strong></span> <span class='ocrx_word' id='word_1_133' title='bbox 960 2011 1117 2083; x_wconf 85' lang='lat' dir='ltr'><strong>frequentia</strong></span> <span class='ocrx_word' id='word_1_134' title='bbox 1149 2019 1332 2087; x_wconf 88' lang='lat' dir='ltr'><strong>peccatorum</strong></span> 
     </span>
     <span class='ocr_line' id='line_1_16' title="bbox 247 2108 1333 2186; baseline -0.006 -15"><span class='ocrx_word' id='word_1_135' title='bbox 247 2113 401 2171; x_wconf 82' lang='lat' dir='ltr'><strong>venialium</strong></span> <span class='ocrx_word' id='word_1_136' title='bbox 415 2112 519 2186; x_wconf 91' lang='lat' dir='ltr'><strong>poterit</strong></span> <span class='ocrx_word' id='word_1_137' title='bbox 531 2111 615 2168; x_wconf 86' lang='lat' dir='ltr'><strong>etiam</strong></span> <span class='ocrx_word' id='word_1_138' title='bbox 627 2111 691 2182; x_wconf 89' lang='lat' dir='ltr'><strong>quis</strong></span> <span class='ocrx_word' id='word_1_139' title='bbox 705 2108 811 2178; x_wconf 88' lang='lat' dir='ltr'><strong>dolere,</strong></span> <span class='ocrx_word' id='word_1_140' title='bbox 825 2128 915 2182; x_wconf 88' lang='lat' dir='ltr'><strong>eaque</strong></span> <span class='ocrx_word' id='word_1_141' title='bbox 928 2110 1082 2168; x_wconf 86' lang='lat' dir='ltr'><strong>minuenda</strong></span> <span class='ocrx_word' id='word_1_142' title='bbox 1102 2127 1273 2186; x_wconf 88' lang='lat' dir='ltr'><strong>proponere,</strong></span> <span class='ocrx_word' id='word_1_143' title='bbox 1288 2109 1333 2166; x_wconf 90' lang='lat' dir='ltr'><strong>vel</strong></span> 
     </span>
    </p>
   </div>
   <div class='ocr_carea' id='block_1_3' title="bbox 148 2208 1334 2289">
    <p class='ocr_par' dir='ltr' id='par_1_4' title="bbox 148 2208 1334 2289">
     <span class='ocr_line' id='line_1_17' title="bbox 148 2208 1334 2289; baseline -0.003 -19"><span class='ocrx_word' id='word_1_144' title='bbox 148 2255 153 2258; x_wconf 90' lang='lat'>-</span> <span class='ocrx_word' id='word_1_145' title='bbox 248 2212 378 2289; x_wconf 87' lang='lat' dir='ltr'><strong>graviora</strong></span> <span class='ocrx_word' id='word_1_146' title='bbox 391 2219 419 2267; x_wconf 87' lang='lat' dir='ltr'><strong>et</strong></span> <span class='ocrx_word' id='word_1_147' title='bbox 432 2210 523 2287; x_wconf 84' lang='lat' dir='ltr'><strong>magis</strong></span> <span class='ocrx_word' id='word_1_148' title='bbox 543 2209 699 2267; x_wconf 85' lang='lat' dir='ltr'><strong>voluntaria</strong></span> <span class='ocrx_word' id='word_1_149' title='bbox 712 2209 809 2266; x_wconf 85' lang='lat' dir='ltr'><strong>vitare.</strong></span> <span class='ocrx_word' id='word_1_150' title='bbox 853 2209 1052 2268; x_wconf 85' lang='lat' dir='ltr'><strong>“Poenitentia</strong></span> <span class='ocrx_word' id='word_1_151' title='bbox 1065 2208 1100 2266; x_wconf 90' lang='lat' dir='ltr'><strong>de</strong></span> <span class='ocrx_word' id='word_1_152' title='bbox 1113 2210 1245 2286; x_wconf 76' lang='lat' dir='ltr'><strong>peccatis</strong></span> <span class='ocrx_word' id='word_1_153' title='bbox 1259 2226 1334 2267; x_wconf 90' lang='lat' dir='ltr'><strong>mor·</strong></span> 
     </span>
    </p>
   </div>
   <div class='ocr_carea' id='block_1_4' title="bbox 247 2307 1336 2584">
    <p class='ocr_par' dir='ltr' id='par_1_5' title="bbox 247 2307 1336 2584">
     <span class='ocr_line' id='line_1_18' title="bbox 248 2307 1333 2386; baseline -0.004 -17"><span class='ocrx_word' id='word_1_154' title='bbox 248 2309 381 2378; x_wconf 86' lang='lat' dir='ltr'><strong>talibus,&#39;’</strong></span> <span class='ocrx_word' id='word_1_155' title='bbox 396 2309 490 2381; x_wconf 87' lang='lat' dir='ltr'><strong>inquit</strong></span> <span class='ocrx_word' id='word_1_156' title='bbox 502 2308 534 2366; x_wconf 91' lang='lat' dir='ltr'><strong>S.</strong></span> <span class='ocrx_word' id='word_1_157' title='bbox 547 2308 689 2377; x_wconf 88' lang='lat' dir='ltr'><strong>Thomas,</strong></span> <span class='ocrx_word' id='word_1_158' title='bbox 705 2309 851 2381; x_wconf 87' lang='lat' dir='ltr'><strong>“requirit</strong></span> <span class='ocrx_word' id='word_1_159' title='bbox 863 2307 941 2381; x_wconf 92' lang='lat' dir='ltr'><strong>quod</strong></span> <span class='ocrx_word' id='word_1_160' title='bbox 948 2307 1035 2367; x_wconf 93' lang='lat' dir='ltr'><strong>homo</strong></span> <span class='ocrx_word' id='word_1_161' title='bbox 1044 2317 1184 2386; x_wconf 89' lang='lat' dir='ltr'><strong>proponat</strong></span> <span class='ocrx_word' id='word_1_162' title='bbox 1194 2309 1333 2367; x_wconf 89' lang='lat' dir='ltr'><strong>abstinere</strong></span> 
     </span>
     <span class='ocr_line' id='line_1_19' title="bbox 247 2407 1336 2486; baseline -0.002 -18"><span class='ocrx_word' id='word_1_163' title='bbox 247 2410 282 2468; x_wconf 84' lang='lat' dir='ltr'><strong>ab</strong></span> <span class='ocrx_word' id='word_1_164' title='bbox 301 2409 434 2468; x_wconf 88' lang='lat' dir='ltr'><strong>omnibus</strong></span> <span class='ocrx_word' id='word_1_165' title='bbox 455 2417 484 2466; x_wconf 90' lang='lat' dir='ltr'><strong>et</strong></span> <span class='ocrx_word' id='word_1_166' title='bbox 501 2408 640 2486; x_wconf 71' lang='lat' dir='ltr'><strong>singulisr</strong></span> <span class='ocrx_word' id='word_1_167' title='bbox 661 2407 712 2465; x_wconf 87' lang='lat' dir='ltr'><strong>sed</strong></span> <span class='ocrx_word' id='word_1_168' title='bbox 732 2408 768 2466; x_wconf 92' lang='lat' dir='ltr'><strong>ad</strong></span> <span class='ocrx_word' id='word_1_169' title='bbox 790 2409 985 2484; x_wconf 83' lang='lat' dir='ltr'><strong>poenitentiam</strong></span> <span class='ocrx_word' id='word_1_170' title='bbox 1011 2408 1165 2467; x_wconf 89' lang='lat' dir='ltr'><strong>venialium</strong></span> <span class='ocrx_word' id='word_1_171' title='bbox 1187 2408 1336 2482; x_wconf 88' lang='lat' dir='ltr'><strong>requiritur</strong></span> 
     </span>
     <span class='ocr_line' id='line_1_20' title="bbox 248 2507 1331 2584; baseline -0.006 -16"><span class='ocrx_word' id='word_1_172' title='bbox 248 2509 325 2582; x_wconf 90' lang='lat' dir='ltr'><strong>quod</strong></span> <span class='ocrx_word' id='word_1_173' title='bbox 338 2510 425 2568; x_wconf 84' lang='lat' dir='ltr'><strong>homo</strong></span> <span class='ocrx_word' id='word_1_174' title='bbox 445 2516 586 2584; x_wconf 84' lang='lat' dir='ltr'><strong>proponat</strong></span> <span class='ocrx_word' id='word_1_175' title='bbox 598 2509 738 2566; x_wconf 84' lang='lat' dir='ltr'><strong>abstinere</strong></span> <span class='ocrx_word' id='word_1_176' title='bbox 759 2528 776 2565; x_wconf 90' lang='lat' dir='ltr'><strong>a</strong></span> <span class='ocrx_word' id='word_1_177' title='bbox 794 2507 925 2584; x_wconf 85' lang='lat' dir='ltr'><strong>singulis,</strong></span> <span class='ocrx_word' id='word_1_178' title='bbox 940 2526 998 2566; x_wconf 92' lang='lat' dir='ltr'><strong>non</strong></span> <span class='ocrx_word' id='word_1_179' title='bbox 1014 2517 1109 2566; x_wconf 84' lang='lat' dir='ltr'><strong>tamen</strong></span> <span class='ocrx_word' id='word_1_180' title='bbox 1129 2509 1163 2564; x_wconf 91' lang='lat' dir='ltr'><strong>ab</strong></span> <span class='ocrx_word' id='word_1_181' title='bbox 1187 2507 1331 2573; x_wconf 87' lang='lat' dir='ltr'><strong>omnibus,</strong></span> 
     </span>
    </p>
   </div>
   <div class='ocr_carea' id='block_1_5' title="bbox 248 2605 1332 2734">
    <p class='ocr_par' dir='ltr' id='par_1_6' title="bbox 248 2605 1332 2734">
     <span class='ocr_line' id='line_1_21' title="bbox 248 2605 1332 2684; baseline -0.004 -18"><span class='ocrx_word' id='word_1_182' title='bbox 248 2608 383 2681; x_wconf 89' lang='lat' dir='ltr'><strong>quiahoc</strong></span> <span class='ocrx_word' id='word_1_183' title='bbox 397 2607 545 2664; x_wconf 84' lang='lat' dir='ltr'><strong>infirmitas</strong></span> <span class='ocrx_word' id='word_1_184' title='bbox 559 2606 645 2684; x_wconf 90' lang='lat' dir='ltr'><strong>hujus</strong></span> <span class='ocrx_word' id='word_1_185' title='bbox 659 2607 723 2664; x_wconf 83' lang='lat' dir='ltr'><strong>vitae</strong></span> <span class='ocrx_word' id='word_1_186' title='bbox 736 2624 795 2664; x_wconf 91' lang='lat' dir='ltr'><strong>non</strong></span> <span class='ocrx_word' id='word_1_187' title='bbox 810 2607 927 2682; x_wconf 87' lang='lat' dir='ltr'><strong>patitur:</strong></span> <span class='ocrx_word' id='word_1_188' title='bbox 949 2607 1033 2664; x_wconf 91' lang='lat' dir='ltr'><strong>debet</strong></span> <span class='ocrx_word' id='word_1_189' title='bbox 1046 2615 1138 2665; x_wconf 90' lang='lat' dir='ltr'><strong>tamen</strong></span> <span class='ocrx_word' id='word_1_190' title='bbox 1152 2605 1255 2664; x_wconf 90' lang='lat' dir='ltr'><strong>habere</strong></span> <span class='ocrx_word' id='word_1_191' title='bbox 1268 2622 1332 2682; x_wconf 91' lang='lat' dir='ltr'><strong>pro·</strong></span> 
     </span>
     <span class='ocr_line' id='line_1_22' title="bbox 965 2701 1000 2734; baseline 0.029 -1"><span class='ocrx_word' id='word_1_192' title='bbox 965 2701 1000 2734; x_wconf 73' lang='lat'><strong>”2</strong></span> 
     </span>
    </p>
   </div>
   <div class='ocr_carea' id='block_1_6' title="bbox 242 2704 1333 4274">
    <p class='ocr_par' dir='ltr' id='par_1_7' title="bbox 247 2704 961 2782">
     <span class='ocr_line' id='line_1_23' title="bbox 247 2704 961 2782; baseline 0 -18"><span class='ocrx_word' id='word_1_193' title='bbox 247 2707 373 2782; x_wconf 87' lang='lat' dir='ltr'><strong>positum</strong></span> <span class='ocrx_word' id='word_1_194' title='bbox 387 2723 417 2762; x_wconf 86' lang='lat' dir='ltr'><strong>se</strong></span> <span class='ocrx_word' id='word_1_195' title='bbox 427 2705 604 2782; x_wconf 83' lang='lat' dir='ltr'><strong>praeparandi</strong></span> <span class='ocrx_word' id='word_1_196' title='bbox 619 2704 654 2762; x_wconf 86' lang='lat' dir='ltr'><strong>ed</strong></span> <span class='ocrx_word' id='word_1_197' title='bbox 666 2705 786 2763; x_wconf 85' lang='lat' dir='ltr'><strong>venialia</strong></span> <span class='ocrx_word' id='word_1_198' title='bbox 798 2705 961 2764; x_wconf 87' lang='lat' dir='ltr'><strong>minuenda.</strong></span> 
     </span>
    </p>

    <p class='ocr_par' dir='ltr' id='par_1_8' title="bbox 242 2803 1333 4274">
     <span class='ocr_line' id='line_1_24' title="bbox 289 2803 1332 2882; baseline 0 -21"><span class='ocrx_word' id='word_1_199' title='bbox 289 2808 336 2863; x_wconf 87' lang='lat'><strong>19.</strong></span> <span class='ocrx_word' id='word_1_200' title='bbox 353 2803 495 2861; x_wconf 86' lang='lat' dir='ltr'><strong>Contritio</strong></span> <span class='ocrx_word' id='word_1_201' title='bbox 506 2803 665 2868; x_wconf 86' lang='lat' dir='ltr'><strong>necessaria</strong></span> <span class='ocrx_word' id='word_1_202' title='bbox 673 2803 709 2862; x_wconf 92' lang='lat' dir='ltr'><strong>ad</strong></span> <span class='ocrx_word' id='word_1_203' title='bbox 719 2805 830 2864; x_wconf 90' lang='lat' dir='ltr'><strong>veniam</strong></span> <span class='ocrx_word' id='word_1_204' title='bbox 839 2814 868 2862; x_wconf 93' lang='lat' dir='ltr'><strong>et</strong></span> <span class='ocrx_word' id='word_1_205' title='bbox 871 2806 1010 2882; x_wconf 85' lang='lat' dir='ltr'><strong>justitiam</strong></span> <span class='ocrx_word' id='word_1_206' title='bbox 1019 2805 1049 2862; x_wconf 92' lang='lat' dir='ltr'><strong>in</strong></span> <span class='ocrx_word' id='word_1_207' title='bbox 1058 2813 1232 2863; x_wconf 88' lang='lat' dir='ltr'><strong>sacramento</strong></span> <span class='ocrx_word' id='word_1_208' title='bbox 1243 2805 1332 2880; x_wconf 89' lang='lat' dir='ltr'><strong>poeni·</strong></span> 
     </span>
     <span class='ocr_line' id='line_1_25' title="bbox 246 2901 1333 2984; baseline 0 -24"><span class='ocrx_word' id='word_1_209' title='bbox 246 2903 339 2962; x_wconf 84' lang='lat' dir='ltr'><strong>tentiae</strong></span> <span class='ocrx_word' id='word_1_210' title='bbox 359 2901 575 2978; x_wconf 86' lang='lat' dir='ltr'><strong>impetrandam,</strong></span> <span class='ocrx_word' id='word_1_211' title='bbox 586 2901 670 2961; x_wconf 87' lang='lat' dir='ltr'><strong>debet</strong></span> <span class='ocrx_word' id='word_1_212' title='bbox 683 2921 747 2961; x_wconf 84' lang='lat' dir='ltr'><strong>esse</strong></span> <span class='ocrx_word' id='word_1_213' title='bbox 756 2901 916 2984; x_wconf 82' lang='lat' dir='ltr'><strong>formalia,</strong></span> <span class='ocrx_word' id='word_1_214' title='bbox 930 2905 1061 2974; x_wconf 86' lang='lat' dir='ltr'><strong>interna,</strong></span> <span class='ocrx_word' id='word_1_215' title='bbox 1082 2901 1333 2983; x_wconf 79' lang='lat' dir='ltr'><strong>supernaturalis,</strong></span> 
     </span>
     <span class='ocr_line' id='line_1_26' title="bbox 246 2987 1332 3081; baseline -0.001 -20"><span class='ocrx_word' id='word_1_216' title='bbox 246 3001 440 3069; x_wconf 80' lang='lat' dir='ltr'><strong>universalis,</strong></span> <span class='ocrx_word' id='word_1_217' title='bbox 467 3001 569 3080; x_wconf 71' lang='lat' dir='ltr'><strong>fferre</strong></span> <span class='ocrx_word' id='word_1_218' title='bbox 595 2987 778 3062; x_wconf 72' lang='lat' dir='ltr'><strong>atramina.</strong></span> <span class='ocrx_word' id='word_1_219' title='bbox 819 3003 973 3064; x_wconf 81' lang='lat' dir='ltr'><strong>Formolis</strong></span> <span class='ocrx_word' id='word_1_220' title='bbox 1000 3004 1129 3063; x_wconf 89' lang='lat' dir='ltr'><strong>contritio</strong></span> <span class='ocrx_word' id='word_1_221' title='bbox 1155 3013 1199 3062; x_wconf 88' lang='lat' dir='ltr'><strong>est</strong></span> <span class='ocrx_word' id='word_1_222' title='bbox 1223 3003 1332 3081; x_wconf 90' lang='lat' dir='ltr'><strong>peccati</strong></span> 
     </span>
     <span class='ocr_line' id='line_1_27' title="bbox 248 3101 1331 3174; baseline 0 -14"><span class='ocrx_word' id='word_1_223' title='bbox 248 3102 408 3171; x_wconf 88' lang='lat' dir='ltr'><strong>detestatio,</strong></span> <span class='ocrx_word' id='word_1_224' title='bbox 436 3119 500 3174; x_wconf 83' lang='lat' dir='ltr'><strong>quae</strong></span> <span class='ocrx_word' id='word_1_225' title='bbox 527 3111 589 3161; x_wconf 91' lang='lat' dir='ltr'><strong>actu</strong></span> <span class='ocrx_word' id='word_1_226' title='bbox 622 3101 742 3172; x_wconf 85' lang='lat' dir='ltr'><strong>elicitur,</strong></span> <span class='ocrx_word' id='word_1_227' title='bbox 770 3103 865 3162; x_wconf 89' lang='lat' dir='ltr'><strong>animo</strong></span> <span class='ocrx_word' id='word_1_228' title='bbox 892 3102 962 3161; x_wconf 94' lang='lat' dir='ltr'><strong>illud</strong></span> <span class='ocrx_word' id='word_1_229' title='bbox 989 3111 1154 3162; x_wconf 81' lang='lat' dir='ltr'><strong>aversante:</strong></span> <span class='ocrx_word' id='word_1_230' title='bbox 1189 3101 1331 3162; x_wconf 83' lang='lat' dir='ltr'><strong>virtualis</strong></span> 
     </span>
     <span class='ocr_line' id='line_1_28' title="bbox 246 3195 1333 3279; baseline -0.002 -20"><span class='ocrx_word' id='word_1_231' title='bbox 246 3195 377 3262; x_wconf 82' lang='lat' dir='ltr'><strong>contritio</strong></span> <span class='ocrx_word' id='word_1_232' title='bbox 398 3203 428 3258; x_wconf 93' lang='lat' dir='ltr'><strong>in</strong></span> <span class='ocrx_word' id='word_1_233' title='bbox 451 3201 584 3259; x_wconf 85' lang='lat' dir='ltr'><strong>charitate</strong></span> <span class='ocrx_word' id='word_1_234' title='bbox 601 3203 763 3260; x_wconf 88' lang='lat' dir='ltr'><strong>necessario</strong></span> <span class='ocrx_word' id='word_1_235' title='bbox 785 3201 946 3270; x_wconf 90' lang='lat' dir='ltr'><strong>includitur,</strong></span> <span class='ocrx_word' id='word_1_236' title='bbox 969 3221 1022 3260; x_wconf 91' lang='lat' dir='ltr'><strong>nec</strong></span> <span class='ocrx_word' id='word_1_237' title='bbox 1045 3204 1121 3261; x_wconf 90' lang='lat' dir='ltr'><strong>enim</strong></span> <span class='ocrx_word' id='word_1_238' title='bbox 1143 3203 1208 3274; x_wconf 91' lang='lat' dir='ltr'><strong>quis</strong></span> <span class='ocrx_word' id='word_1_239' title='bbox 1232 3202 1333 3279; x_wconf 88' lang='lat' dir='ltr'><strong>poterit</strong></span> 
     </span>
     <span class='ocr_line' id='line_1_29' title="bbox 245 3299 1332 3379; baseline 0 -20"><span class='ocrx_word' id='word_1_240' title='bbox 245 3301 342 3360; x_wconf 92' lang='lat' dir='ltr'><strong>Deum</strong></span> <span class='ocrx_word' id='word_1_241' title='bbox 355 3318 420 3358; x_wconf 87' lang='lat' dir='ltr'><strong>vere</strong></span> <span class='ocrx_word' id='word_1_242' title='bbox 433 3299 561 3376; x_wconf 86' lang='lat' dir='ltr'><strong>diligere,</strong></span> <span class='ocrx_word' id='word_1_243' title='bbox 577 3302 646 3373; x_wconf 88' lang='lat' dir='ltr'><strong>quin</strong></span> <span class='ocrx_word' id='word_1_244' title='bbox 659 3309 807 3377; x_wconf 86' lang='lat' dir='ltr'><strong>peccatum</strong></span> <span class='ocrx_word' id='word_1_245' title='bbox 822 3301 888 3360; x_wconf 91' lang='lat' dir='ltr'><strong>odio</strong></span> <span class='ocrx_word' id='word_1_246' title='bbox 901 3300 1011 3358; x_wconf 89' lang='lat' dir='ltr'><strong>habeat.</strong></span> <span class='ocrx_word' id='word_1_247' title='bbox 1054 3302 1104 3359; x_wconf 89' lang='lat' dir='ltr'><strong>Sic</strong></span> <span class='ocrx_word' id='word_1_248' title='bbox 1114 3311 1142 3360; x_wconf 92' lang='lat' dir='ltr'><strong>et</strong></span> <span class='ocrx_word' id='word_1_249' title='bbox 1156 3303 1332 3379; x_wconf 88' lang='lat' dir='ltr'><strong>propositum</strong></span> 
     </span>
     <span class='ocr_line' id='line_1_30' title="bbox 245 3398 1331 3477; baseline -0.003 -17"><span class='ocrx_word' id='word_1_250' title='bbox 245 3418 304 3460; x_wconf 91' lang='lat' dir='ltr'><strong>non</strong></span> <span class='ocrx_word' id='word_1_251' title='bbox 329 3398 467 3477; x_wconf 91' lang='lat' dir='ltr'><strong>peccandi</strong></span> <span class='ocrx_word' id='word_1_252' title='bbox 493 3401 524 3458; x_wconf 86' lang='lat' dir='ltr'><strong>in</strong></span> <span class='ocrx_word' id='word_1_253' title='bbox 549 3399 684 3458; x_wconf 85' lang='lat' dir='ltr'><strong>charitate</strong></span> <span class='ocrx_word' id='word_1_254' title='bbox 710 3400 877 3459; x_wconf 88' lang='lat' dir='ltr'><strong>includitur:</strong></span> <span class='ocrx_word' id='word_1_255' title='bbox 912 3399 964 3458; x_wconf 91' lang='lat' dir='ltr'><strong>sed</strong></span> <span class='ocrx_word' id='word_1_256' title='bbox 986 3401 1035 3474; x_wconf 90' lang='lat' dir='ltr'><strong>qui</strong></span> <span class='ocrx_word' id='word_1_257' title='bbox 1061 3399 1096 3458; x_wconf 88' lang='lat' dir='ltr'><strong>ad</strong></span> <span class='ocrx_word' id='word_1_258' title='bbox 1121 3409 1331 3463; x_wconf 85' lang='lat' dir='ltr'><strong>sacramentum</strong></span> 
     </span>
     <span class='ocr_line' id='line_1_31' title="bbox 245 3498 1333 3575; baseline -0.001 -18"><span class='ocrx_word' id='word_1_259' title='bbox 245 3499 362 3568; x_wconf 88' lang='lat' dir='ltr'><strong>accedit,</strong></span> <span class='ocrx_word' id='word_1_260' title='bbox 380 3500 462 3560; x_wconf 89' lang='lat' dir='ltr'><strong>debet</strong></span> <span class='ocrx_word' id='word_1_261' title='bbox 483 3498 553 3557; x_wconf 93' lang='lat' dir='ltr'><strong>illud</strong></span> <span class='ocrx_word' id='word_1_262' title='bbox 576 3499 690 3567; x_wconf 87' lang='lat' dir='ltr'><strong>elicere,</strong></span> <span class='ocrx_word' id='word_1_263' title='bbox 712 3501 785 3558; x_wconf 89' lang='lat' dir='ltr'><strong>sicut</strong></span> <span class='ocrx_word' id='word_1_264' title='bbox 804 3509 831 3557; x_wconf 89' lang='lat' dir='ltr'><strong>et</strong></span> <span class='ocrx_word' id='word_1_265' title='bbox 853 3508 1000 3575; x_wconf 85' lang='lat' dir='ltr'><strong>peccatum</strong></span> <span class='ocrx_word' id='word_1_266' title='bbox 1023 3499 1164 3558; x_wconf 86' lang='lat' dir='ltr'><strong>detestari.</strong></span> <span class='ocrx_word' id='word_1_267' title='bbox 1206 3499 1333 3558; x_wconf 83' lang='lat' dir='ltr'><strong>Internc</strong></span> 
     </span>
     <span class='ocr_line' id='line_1_32' title="bbox 244 3598 1333 3675; baseline -0.002 -20"><span class='ocrx_word' id='word_1_268' title='bbox 244 3599 375 3656; x_wconf 90' lang='lat' dir='ltr'><strong>contritio</strong></span> <span class='ocrx_word' id='word_1_269' title='bbox 395 3599 513 3655; x_wconf 88' lang='lat' dir='ltr'><strong>omuino</strong></span> <span class='ocrx_word' id='word_1_270' title='bbox 526 3607 578 3666; x_wconf 89' lang='lat' dir='ltr'><strong>est,</strong></span> <span class='ocrx_word' id='word_1_271' title='bbox 594 3599 680 3656; x_wconf 91' lang='lat' dir='ltr'><strong>animi</strong></span> <span class='ocrx_word' id='word_1_272' title='bbox 700 3600 806 3674; x_wconf 89' lang='lat' dir='ltr'><strong>quippe</strong></span> <span class='ocrx_word' id='word_1_273' title='bbox 827 3608 872 3656; x_wconf 87' lang='lat' dir='ltr'><strong>est</strong></span> <span class='ocrx_word' id='word_1_274' title='bbox 891 3598 981 3668; x_wconf 88' lang='lat' dir='ltr'><strong>dolor,</strong></span> <span class='ocrx_word' id='word_1_275' title='bbox 995 3599 1123 3658; x_wconf 89' lang='lat' dir='ltr'><strong>hortante</strong></span> <span class='ocrx_word' id='word_1_276' title='bbox 1143 3598 1282 3675; x_wconf 84' lang='lat' dir='ltr'><strong>propheta</strong></span> <span class='ocrx_word' id='word_1_277' title='bbox 1301 3605 1333 3654; x_wconf 91' lang='lat' dir='ltr'><strong>ut</strong></span> 
     </span>
     <span class='ocr_line' id='line_1_33' title="bbox 246 3694 1329 3773; baseline -0.001 -18"><span class='ocrx_word' id='word_1_278' title='bbox 246 3694 333 3755; x_wconf 88' lang='lat' dir='ltr'><strong>corda</strong></span> <span class='ocrx_word' id='word_1_279' title='bbox 345 3713 403 3772; x_wconf 85' lang='lat' dir='ltr'><strong>prae</strong></span> <span class='ocrx_word' id='word_1_280' title='bbox 416 3695 540 3753; x_wconf 83' lang='lat' dir='ltr'><strong>vestibus</strong></span> <span class='ocrx_word' id='word_1_281' title='bbox 560 3696 726 3755; x_wconf 90' lang='lat' dir='ltr'><strong>scindamus</strong></span> <span class='ocrx_word' id='word_1_282' title='bbox 746 3697 929 3773; x_wconf 87' lang='lat' dir='ltr'><strong>poenitendc:</strong></span> <span class='ocrx_word' id='word_1_283' title='bbox 953 3707 972 3734; x_wconf 75' lang='lat'><strong>‘⁶</strong></span> <span class='ocrx_word' id='word_1_284' title='bbox 984 3698 1111 3756; x_wconf 88' lang='lat' dir='ltr'><strong>Scindite</strong></span> <span class='ocrx_word' id='word_1_285' title='bbox 1130 3696 1215 3756; x_wconf 91' lang='lat' dir='ltr'><strong>corda</strong></span> <span class='ocrx_word' id='word_1_286' title='bbox 1228 3704 1329 3763; x_wconf 84' lang='lat' dir='ltr'><strong>vestra,</strong></span> 
     </span>
     <span class='ocr_line' id='line_1_34' title="bbox 244 3791 1329 3861; baseline 0.002 -9"><span class='ocrx_word' id='word_1_287' title='bbox 244 3801 273 3852; x_wconf 90' lang='lat' dir='ltr'><strong>et</strong></span> <span class='ocrx_word' id='word_1_288' title='bbox 299 3812 357 3852; x_wconf 91' lang='lat' dir='ltr'><strong>non</strong></span> <span class='ocrx_word' id='word_1_289' title='bbox 389 3793 560 3852; x_wconf 87' lang='lat' dir='ltr'><strong>vestimenta</strong></span> <span class='ocrx_word' id='word_1_290' title='bbox 588 3791 739 3854; x_wconf 83' lang='lat' dir='ltr'><strong>vestra:”³</strong></span> <span class='ocrx_word' id='word_1_291' title='bbox 773 3797 983 3856; x_wconf 86' lang='lat' dir='ltr'><strong>“Sacrificium</strong></span> <span class='ocrx_word' id='word_1_292' title='bbox 1016 3796 1101 3856; x_wconf 90' lang='lat' dir='ltr'><strong>Dec”</strong></span> <span class='ocrx_word' id='word_1_293' title='bbox 1136 3799 1175 3856; x_wconf 91' lang='lat' dir='ltr'><strong>ait</strong></span> <span class='ocrx_word' id='word_1_294' title='bbox 1205 3796 1329 3861; x_wconf 88' lang='lat' dir='ltr'><strong>Psaltes‚</strong></span> 
     </span>
     <span class='ocr_line' id='line_1_35' title="bbox 245 3891 1331 3974; baseline 0.003 -24"><span class='ocrx_word' id='word_1_295' title='bbox 245 3894 396 3970; x_wconf 85' lang='lat' dir='ltr'><strong>“Spiritus</strong></span> <span class='ocrx_word' id='word_1_296' title='bbox 410 3891 660 3953; x_wconf 84' lang='lat' dir='ltr'><strong>contribulatus.’&#39;⁴</strong></span> <span class='ocrx_word' id='word_1_297' title='bbox 702 3893 952 3974; x_wconf 82' lang='lat' dir='ltr'><strong>Supernaturalie</strong></span> <span class='ocrx_word' id='word_1_298' title='bbox 966 3897 1050 3955; x_wconf 88' lang='lat' dir='ltr'><strong>debet</strong></span> <span class='ocrx_word' id='word_1_299' title='bbox 1063 3915 1127 3955; x_wconf 90' lang='lat' dir='ltr'><strong>esse</strong></span> <span class='ocrx_word' id='word_1_300' title='bbox 1141 3897 1282 3964; x_wconf 89' lang='lat' dir='ltr'><strong>contritio,</strong></span> <span class='ocrx_word' id='word_1_301' title='bbox 1294 3913 1331 3954; x_wconf 86' lang='lat' dir='ltr'><strong>ex</strong></span> 
     </span>
     <span class='ocr_line' id='line_1_36' title="bbox 243 3985 1331 4071; baseline 0.002 -21"><span class='ocrx_word' id='word_1_302' title='bbox 243 3993 367 4070; x_wconf 84' lang='lat' dir='ltr'><strong>Spiritus</strong></span> <span class='ocrx_word' id='word_1_303' title='bbox 376 3991 473 4051; x_wconf 83' lang='lat' dir='ltr'><strong>Sancti</strong></span> <span class='ocrx_word' id='word_1_304' title='bbox 486 3993 671 4070; x_wconf 85' lang='lat' dir='ltr'><strong>inspiratione</strong></span> <span class='ocrx_word' id='word_1_305' title='bbox 682 4005 829 4071; x_wconf 86' lang='lat' dir='ltr'><strong>concepta,</strong></span> <span class='ocrx_word' id='word_1_306' title='bbox 842 3997 877 4054; x_wconf 91' lang='lat' dir='ltr'><strong>cb</strong></span> <span class='ocrx_word' id='word_1_307' title='bbox 888 3997 1010 4055; x_wconf 89' lang='lat' dir='ltr'><strong>rationes</strong></span> <span class='ocrx_word' id='word_1_308' title='bbox 1020 3995 1077 4054; x_wconf 87' lang='lat' dir='ltr'><strong>fide</strong></span> <span class='ocrx_word' id='word_1_309' title='bbox 1085 3997 1295 4054; x_wconf 86' lang='lat' dir='ltr'><strong>innotescentes</strong></span> <span class='ocrx_word' id='word_1_310' title='bbox 1307 3985 1331 4052; x_wconf 85' lang='lat'><strong>:⁵</strong></span> 
     </span>
     <span class='ocr_line' id='line_1_37' title="bbox 244 4093 1329 4172; baseline -0.001 -21"><span class='ocrx_word' id='word_1_311' title='bbox 244 4111 298 4151; x_wconf 89' lang='lat' dir='ltr'><strong>nec</strong></span> <span class='ocrx_word' id='word_1_312' title='bbox 323 4095 400 4152; x_wconf 90' lang='lat' dir='ltr'><strong>enim</strong></span> <span class='ocrx_word' id='word_1_313' title='bbox 427 4094 551 4172; x_wconf 77' lang='lat' dir='ltr'><strong>ignoscit</strong></span> <span class='ocrx_word' id='word_1_314' title='bbox 573 4093 653 4152; x_wconf 78' lang='lat' dir='ltr'><strong>Deus</strong></span> <span class='ocrx_word' id='word_1_315' title='bbox 679 4096 822 4171; x_wconf 88' lang='lat' dir='ltr'><strong>peccatori</strong></span> <span class='ocrx_word' id='word_1_316' title='bbox 843 4095 950 4154; x_wconf 90' lang='lat' dir='ltr'><strong>dolenti</strong></span> <span class='ocrx_word' id='word_1_317' title='bbox 975 4095 1139 4155; x_wconf 84' lang='lat' dir='ltr'><strong>humanitus</strong></span> <span class='ocrx_word' id='word_1_318' title='bbox 1166 4096 1203 4154; x_wconf 92' lang='lat' dir='ltr'><strong>ob</strong></span> <span class='ocrx_word' id='word_1_319' title='bbox 1221 4096 1329 4152; x_wconf 89' lang='lat' dir='ltr'><strong>incom-</strong></span> 
     </span>
     <span class='ocr_line' id='line_1_38' title="bbox 242 4177 1325 4274; baseline -0.002 -23"><span class='ocrx_word' id='word_1_320' title='bbox 242 4191 375 4274; x_wconf 82' lang='lat' dir='ltr'><strong>modoet</strong></span> <span class='ocrx_word' id='word_1_321' title='bbox 399 4193 474 4252; x_wconf 90' lang='lat' dir='ltr'><strong>mala</strong></span> <span class='ocrx_word' id='word_1_322' title='bbox 494 4211 557 4267; x_wconf 85' lang='lat' dir='ltr'><strong>quae</strong></span> <span class='ocrx_word' id='word_1_323' title='bbox 580 4194 634 4252; x_wconf 83' lang='lat' dir='ltr'><strong>eibi</strong></span> <span class='ocrx_word' id='word_1_324' title='bbox 654 4203 827 4263; x_wconf 89' lang='lat' dir='ltr'><strong>evenerunt;</strong></span> <span class='ocrx_word' id='word_1_325' title='bbox 856 4177 938 4253; x_wconf 84' lang='lat' dir='ltr'><strong>facile</strong></span> <span class='ocrx_word' id='word_1_326' title='bbox 957 4203 1051 4254; x_wconf 88' lang='lat' dir='ltr'><strong>autem</strong></span> <span class='ocrx_word' id='word_1_327' title='bbox 1074 4194 1214 4272; x_wconf 82' lang='lat' dir='ltr'><strong>contingit</strong></span> <span class='ocrx_word' id='word_1_328' title='bbox 1236 4201 1266 4251; x_wconf 91' lang='lat' dir='ltr'><strong>ut</strong></span> <span class='ocrx_word' id='word_1_329' title='bbox 1288 4209 1325 4250; x_wconf 82' lang='lat' dir='ltr'><strong>ex</strong></span> 
     </span>
    </p>
   </div>
   <div class='ocr_carea' id='block_1_7' title="bbox 277 4351 1312 4593">
    <p class='ocr_par' dir='ltr' id='par_1_9' title="bbox 277 4351 1312 4593">
     <span class='ocr_line' id='line_1_39' title="bbox 277 4351 767 4425; baseline 0.006 -23"><span class='ocrx_word' id='word_1_330' title='bbox 277 4354 319 4418; x_wconf 90' lang='lat' dir='ltr'><strong>(l)</strong></span> <span class='ocrx_word' id='word_1_331' title='bbox 338 4351 372 4401; x_wconf 83' lang='lat' dir='ltr'><strong>iii.</strong></span> <span class='ocrx_word' id='word_1_332' title='bbox 383 4368 408 4416; x_wconf 89' lang='lat' dir='ltr'><strong>p.</strong></span> <span class='ocrx_word' id='word_1_333' title='bbox 419 4369 460 4418; x_wconf 91' lang='lat' dir='ltr'><strong>qu.</strong></span> <span class='ocrx_word' id='word_1_334' title='bbox 471 4355 573 4407; x_wconf 81' lang='lat' dir='ltr'><strong>lxxxvii.</strong></span> <span class='ocrx_word' id='word_1_335' title='bbox 585 4357 657 4408; x_wconf 75' lang='lat' dir='ltr'><strong>arti.</strong></span> <span class='ocrx_word' id='word_1_336' title='bbox 692 4357 767 4425; x_wconf 70' lang='grc' dir='ltr'><strong>Κεφ.</strong></span> 
     </span>
     <span class='ocr_line' id='line_1_40' title="bbox 278 4435 1032 4508; baseline -0.012 -9"><span class='ocrx_word' id='word_1_337' title='bbox 278 4435 321 4502; x_wconf 79' lang='lat'><strong>(2)</strong></span> <span class='ocrx_word' id='word_1_338' title='bbox 340 4435 439 4496; x_wconf 80' lang='lat' dir='ltr'><strong>Ibidem,</strong></span> <span class='ocrx_word' id='word_1_339' title='bbox 452 4439 483 4488; x_wconf 73' lang='lat' dir='ltr'><strong>ad</strong></span> <span class='ocrx_word' id='word_1_340' title='bbox 496 4443 517 4489; x_wconf 90' lang='lat'><strong>1.</strong></span> <span class='ocrx_word' id='word_1_341' title='bbox 821 4442 864 4508; x_wconf 83' lang='lat' dir='ltr'><strong>(a)</strong></span> <span class='ocrx_word' id='word_1_342' title='bbox 883 4440 980 4492; x_wconf 69' lang='lat' dir='ltr'><strong>roem.</strong></span> <span class='ocrx_word' id='word_1_343' title='bbox 994 4443 1032 4490; x_wconf 71' lang='grc' dir='ltr'><strong>ιι.</strong></span> 
     </span>
     <span class='ocr_line' id='line_1_41' title="bbox 278 4521 1312 4593; baseline -0.014 -6"><span class='ocrx_word' id='word_1_344' title='bbox 278 4521 320 4587; x_wconf 82' lang='lat'><strong>(4)</strong></span> <span class='ocrx_word' id='word_1_345' title='bbox 340 4521 380 4571; x_wconf 68' lang='lat' dir='ltr'><strong>Ps-</strong></span> <span class='ocrx_word' id='word_1_346' title='bbox 394 4521 410 4571; x_wconf 90' lang='lat'><strong>¹·</strong></span> <span class='ocrx_word' id='word_1_347' title='bbox 425 4525 463 4573; x_wconf 81' lang='lat'><strong>1⁹·</strong></span> <span class='ocrx_word' id='word_1_348' title='bbox 822 4527 865 4593; x_wconf 84' lang='lat' dir='ltr'><strong>(s)</strong></span> <span class='ocrx_word' id='word_1_349' title='bbox 886 4526 948 4577; x_wconf 68' lang='lat' dir='ltr'><strong>vus</strong></span> <span class='ocrx_word' id='word_1_350' title='bbox 960 4525 1038 4578; x_wconf 73' lang='lat' dir='ltr'><strong>cone.</strong></span> <span class='ocrx_word' id='word_1_351' title='bbox 1050 4523 1312 4576; x_wconf 62' lang='lat' dir='ltr'><strong>praetenera.</strong></span> 
     </span>
    </p>
   </div>
   <div class='ocr_carea' id='block_1_8' title="bbox 0 0 1590 5172">
    <p class='ocr_par' dir='ltr' id='par_1_10' title="bbox 0 0 1590 5172">
     <span class='ocr_line' id='line_1_42' title="bbox 0 0 1590 5172; baseline 0 2"><span class='ocrx_word' id='word_1_352' title='bbox 0 0 1590 5172; x_wconf 95' lang='lat' dir='ltr'><strong> </strong></span> 
     </span>
    </p>
   </div>
  </div>
 </body>
</html>
