<?xml version="1.0" encoding="UTF-8"?>
<!DOCTYPE html PUBLIC "-//W3C//DTD XHTML 1.0 Transitional//EN"
    "http://www.w3.org/TR/xhtml1/DTD/xhtml1-transitional.dtd">
<html xmlns="http://www.w3.org/1999/xhtml" xml:lang="en" lang="en">
 <head>
  <title>
</title>
<meta http-equiv="Content-Type" content="text/html;charset=utf-8" />
  <meta name='ocr-system' content='tesseract 3.04.00' />
  <meta name='ocr-capabilities' content='ocr_page ocr_carea ocr_par ocr_line ocrx_word'/>
</head>
<body>
  <div class='ocr_page' id='page_1' title='image "./theologiaemoral02kenrgoog_0254.png"; bbox 0 0 3144 5192; ppageno 0'>
   <div class='ocr_carea' id='block_1_1' title="bbox 478 537 1309 600">
    <p class='ocr_par' dir='ltr' id='par_1_1' title="bbox 478 537 1309 600">
     <span class='ocr_line' id='line_1_1' title="bbox 478 537 1309 600; baseline 0.004 -4"><span class='ocrx_word' id='word_1_1' title='bbox 478 539 535 598; x_wconf 87' lang='lat' dir='ltr'>DE</span> <span class='ocrx_word' id='word_1_2' title='bbox 557 538 740 598; x_wconf 88' lang='lat' dir='ltr'>MUNERE</span> <span class='ocrx_word' id='word_1_3' title='bbox 762 537 1051 598; x_wconf 83' lang='lat' dir='ltr'><strong>CONFESSARII.</strong></span> <span class='ocrx_word' id='word_1_4' title='bbox 1250 544 1309 600; x_wconf 82' lang='grc'>237</span> 
     </span>
    </p>
   </div>
   <div class='ocr_carea' id='block_1_2' title="bbox 222 701 1314 4131">
    <p class='ocr_par' dir='ltr' id='par_1_2' title="bbox 224 701 1310 1274">
     <span class='ocr_line' id='line_1_2' title="bbox 226 701 1310 781; baseline -0.002 -17"><span class='ocrx_word' id='word_1_5' title='bbox 226 705 261 764; x_wconf 88' lang='lat' dir='ltr'>ad</span> <span class='ocrx_word' id='word_1_6' title='bbox 275 703 477 771; x_wconf 88' lang='lat' dir='ltr'>confitendum,</span> <span class='ocrx_word' id='word_1_7' title='bbox 492 712 521 762; x_wconf 91' lang='lat' dir='ltr'>et</span> <span class='ocrx_word' id='word_1_8' title='bbox 529 703 665 781; x_wconf 83' lang='lat' dir='ltr'>deinceps</span> <span class='ocrx_word' id='word_1_9' title='bbox 675 723 737 763; x_wconf 88' lang='lat' dir='ltr'>eam</span> <span class='ocrx_word' id='word_1_10' title='bbox 753 703 883 762; x_wconf 76' lang='lat' dir='ltr'><strong>solicitat.</strong></span> <span class='ocrx_word' id='word_1_11' title='bbox 926 704 959 761; x_wconf 84' lang='lat' dir='ltr'>Si</span> <span class='ocrx_word' id='word_1_12' title='bbox 972 711 1109 780; x_wconf 77' lang='lat' dir='ltr'>praetextu</span> <span class='ocrx_word' id='word_1_13' title='bbox 1121 701 1310 762; x_wconf 83' lang='lat' dir='ltr'>confessionis</span> 
     </span>
     <span class='ocr_line' id='line_1_3' title="bbox 227 801 1309 880; baseline -0.001 -19"><span class='ocrx_word' id='word_1_14' title='bbox 227 802 360 862; x_wconf 81' lang='lat' dir='ltr'>sacerdos</span> <span class='ocrx_word' id='word_1_15' title='bbox 374 813 402 861; x_wconf 94' lang='lat' dir='ltr'>et</span> <span class='ocrx_word' id='word_1_16' title='bbox 414 803 510 880; x_wconf 90' lang='lat' dir='ltr'>puella</span> <span class='ocrx_word' id='word_1_17' title='bbox 529 821 566 860; x_wconf 83' lang='lat' dir='ltr'>ex</span> <span class='ocrx_word' id='word_1_18' title='bbox 579 803 711 861; x_wconf 90' lang='lat' dir='ltr'>condicto</span> <span class='ocrx_word' id='word_1_19' title='bbox 724 811 868 861; x_wconf 91' lang='lat' dir='ltr'>uterentur</span> <span class='ocrx_word' id='word_1_20' title='bbox 887 801 921 860; x_wconf 89' lang='lat' dir='ltr'>ad</span> <span class='ocrx_word' id='word_1_21' title='bbox 944 821 1063 878; x_wconf 88' lang='lat' dir='ltr'>pravum</span> <span class='ocrx_word' id='word_1_22' title='bbox 1077 802 1229 860; x_wconf 88' lang='lat' dir='ltr'>consilium</span> <span class='ocrx_word' id='word_1_23' title='bbox 1244 821 1309 860; x_wconf 88' lang='lat' dir='ltr'>exe-</span> 
     </span>
     <span class='ocr_line' id='line_1_4' title="bbox 227 900 1310 978; baseline -0.002 -18"><span class='ocrx_word' id='word_1_24' title='bbox 227 901 383 975; x_wconf 87' lang='lat' dir='ltr'>quendum,</span> <span class='ocrx_word' id='word_1_25' title='bbox 397 921 455 960; x_wconf 89' lang='lat' dir='ltr'>nou</span> <span class='ocrx_word' id='word_1_26' title='bbox 469 900 533 960; x_wconf 90' lang='lat' dir='ltr'>ideo</span> <span class='ocrx_word' id='word_1_27' title='bbox 547 911 709 960; x_wconf 73' lang='lat' dir='ltr'>censeretur</span> <span class='ocrx_word' id='word_1_28' title='bbox 728 901 776 958; x_wconf 92' lang='lat' dir='ltr'>ille</span> <span class='ocrx_word' id='word_1_29' title='bbox 790 902 819 958; x_wconf 91' lang='lat' dir='ltr'>in</span> <span class='ocrx_word' id='word_1_30' title='bbox 833 901 1022 968; x_wconf 89' lang='lat' dir='ltr'>confessione,</span> <span class='ocrx_word' id='word_1_31' title='bbox 1038 902 1083 958; x_wconf 87' lang='lat' dir='ltr'>vel</span> <span class='ocrx_word' id='word_1_32' title='bbox 1097 903 1159 978; x_wconf 87' lang='lat' dir='ltr'>ejus</span> <span class='ocrx_word' id='word_1_33' title='bbox 1173 909 1310 977; x_wconf 87' lang='lat' dir='ltr'>praetextu</span> 
     </span>
     <span class='ocr_line' id='line_1_5' title="bbox 226 999 1310 1077; baseline -0.001 -19"><span class='ocrx_word' id='word_1_34' title='bbox 226 1001 393 1059; x_wconf 73' lang='lat' dir='ltr'>solicitasse.</span> <span class='ocrx_word' id='word_1_35' title='bbox 436 999 468 1057; x_wconf 86' lang='lat' dir='ltr'>Si</span> <span class='ocrx_word' id='word_1_36' title='bbox 489 1011 583 1059; x_wconf 89' lang='lat' dir='ltr'>autem</span> <span class='ocrx_word' id='word_1_37' title='bbox 604 1000 651 1058; x_wconf 92' lang='lat' dir='ltr'>ille</span> <span class='ocrx_word' id='word_1_38' title='bbox 672 1001 847 1077; x_wconf 83' lang='lat' dir='ltr'>suggesserit</span> <span class='ocrx_word' id='word_1_39' title='bbox 868 1001 895 1057; x_wconf 91' lang='lat' dir='ltr'>ei</span> <span class='ocrx_word' id='word_1_40' title='bbox 913 1000 1043 1057; x_wconf 86' lang='lat' dir='ltr'>renuenti</span> <span class='ocrx_word' id='word_1_41' title='bbox 1057 1001 1093 1057; x_wconf 93' lang='lat' dir='ltr'>ob</span> <span class='ocrx_word' id='word_1_42' title='bbox 1107 1000 1187 1058; x_wconf 89' lang='lat' dir='ltr'>samae</span> <span class='ocrx_word' id='word_1_43' title='bbox 1202 1000 1310 1075; x_wconf 88' lang='lat' dir='ltr'>pericu·</span> 
     </span>
     <span class='ocr_line' id='line_1_6' title="bbox 224 1097 1309 1175; baseline -0.002 -19"><span class='ocrx_word' id='word_1_44' title='bbox 224 1099 296 1165; x_wconf 89' lang='lat' dir='ltr'>lum,</span> <span class='ocrx_word' id='word_1_45' title='bbox 310 1109 341 1156; x_wconf 92' lang='lat' dir='ltr'>ut</span> <span class='ocrx_word' id='word_1_46' title='bbox 363 1117 428 1157; x_wconf 90' lang='lat' dir='ltr'>euru</span> <span class='ocrx_word' id='word_1_47' title='bbox 443 1109 581 1175; x_wconf 83' lang='lat' dir='ltr'>praetextu</span> <span class='ocrx_word' id='word_1_48' title='bbox 602 1099 790 1158; x_wconf 87' lang='lat' dir='ltr'>consessionis</span> <span class='ocrx_word' id='word_1_49' title='bbox 812 1108 978 1166; x_wconf 82' lang='lat' dir='ltr'>accerseret,</span> <span class='ocrx_word' id='word_1_50' title='bbox 1006 1097 1213 1158; x_wconf 85' lang='lat' dir='ltr'>denuntiandus</span> <span class='ocrx_word' id='word_1_51' title='bbox 1227 1098 1309 1166; x_wconf 83' lang='lat' dir='ltr'>foret,</span> 
     </span>
     <span class='ocr_line' id='line_1_7' title="bbox 225 1195 1050 1274; baseline -0.002 -19"><span class='ocrx_word' id='word_1_52' title='bbox 225 1198 331 1273; x_wconf 92' lang='lat' dir='ltr'>quippe</span> <span class='ocrx_word' id='word_1_53' title='bbox 345 1199 394 1271; x_wconf 93' lang='lat' dir='ltr'>qui</span> <span class='ocrx_word' id='word_1_54' title='bbox 407 1216 507 1255; x_wconf 89' lang='lat' dir='ltr'>revera</span> <span class='ocrx_word' id='word_1_55' title='bbox 521 1207 658 1274; x_wconf 81' lang='lat' dir='ltr'>praetextu</span> <span class='ocrx_word' id='word_1_56' title='bbox 672 1197 861 1256; x_wconf 84' lang='lat' dir='ltr'>consessionis</span> <span class='ocrx_word' id='word_1_57' title='bbox 874 1195 1050 1256; x_wconf 90' lang='lat' dir='ltr'>solicitavit.¹</span> 
     </span>
    </p>

    <p class='ocr_par' dir='ltr' id='par_1_3' title="bbox 223 1277 1313 2158">
     <span class='ocr_line' id='line_1_8' title="bbox 264 1277 1313 1376; baseline 0 -24"><span class='ocrx_word' id='word_1_58' title='bbox 264 1300 335 1353; x_wconf 85' lang='lat'>240.</span> <span class='ocrx_word' id='word_1_59' title='bbox 364 1277 474 1355; x_wconf 79' lang='lat' dir='ltr'>Etiam</span> <span class='ocrx_word' id='word_1_60' title='bbox 501 1303 586 1354; x_wconf 75' lang='lat' dir='ltr'>cetra</span> <span class='ocrx_word' id='word_1_61' title='bbox 612 1297 796 1355; x_wconf 78' lang='lat' dir='ltr'>occasionem</span> <span class='ocrx_word' id='word_1_62' title='bbox 817 1294 1014 1376; x_wconf 81' lang='lat' dir='ltr'>consessionis</span> <span class='ocrx_word' id='word_1_63' title='bbox 1042 1294 1074 1352; x_wconf 82' lang='lat' dir='ltr'>in</span> <span class='ocrx_word' id='word_1_64' title='bbox 1100 1293 1313 1375; x_wconf 81' lang='lat' dir='ltr'>consessionula&#39;</span> 
     </span>
     <span class='ocr_line' id='line_1_9' title="bbox 225 1393 1312 1469; baseline 0.001 -19"><span class='ocrx_word' id='word_1_65' title='bbox 225 1394 373 1452; x_wconf 89' lang='lat' dir='ltr'>solicitans</span> <span class='ocrx_word' id='word_1_66' title='bbox 386 1393 595 1452; x_wconf 86' lang='lat' dir='ltr'>denuntiandus</span> <span class='ocrx_word' id='word_1_67' title='bbox 615 1404 668 1452; x_wconf 88' lang='lat' dir='ltr'>est.</span> <span class='ocrx_word' id='word_1_68' title='bbox 711 1394 761 1452; x_wconf 81' lang='lat' dir='ltr'>Sic</span> <span class='ocrx_word' id='word_1_69' title='bbox 773 1393 907 1451; x_wconf 88' lang='lat' dir='ltr'>sacerdos</span> <span class='ocrx_word' id='word_1_70' title='bbox 921 1395 949 1451; x_wconf 92' lang='lat' dir='ltr'>in</span> <span class='ocrx_word' id='word_1_71' title='bbox 964 1393 1093 1450; x_wconf 90' lang='lat' dir='ltr'>tribunali</span> <span class='ocrx_word' id='word_1_72' title='bbox 1107 1393 1209 1451; x_wconf 88' lang='lat' dir='ltr'>sedens</span> <span class='ocrx_word' id='word_1_73' title='bbox 1222 1394 1312 1469; x_wconf 85' lang='lat' dir='ltr'>poeni·</span> 
     </span>
     <span class='ocr_line' id='line_1_10' title="bbox 226 1491 1310 1568; baseline 0.002 -21"><span class='ocrx_word' id='word_1_74' title='bbox 226 1502 317 1549; x_wconf 88' lang='lat' dir='ltr'>tentes</span> <span class='ocrx_word' id='word_1_75' title='bbox 332 1502 513 1568; x_wconf 84' lang='lat' dir='ltr'>excepturus,</span> <span class='ocrx_word' id='word_1_76' title='bbox 528 1493 632 1551; x_wconf 89' lang='lat' dir='ltr'>sicum</span> <span class='ocrx_word' id='word_1_77' title='bbox 648 1492 765 1550; x_wconf 90' lang='lat' dir='ltr'>muliere</span> <span class='ocrx_word' id='word_1_78' title='bbox 779 1491 814 1550; x_wconf 90' lang='lat' dir='ltr'>ad</span> <span class='ocrx_word' id='word_1_79' title='bbox 834 1492 904 1550; x_wconf 91' lang='lat' dir='ltr'>illud</span> <span class='ocrx_word' id='word_1_80' title='bbox 918 1491 1069 1550; x_wconf 80' lang='lat' dir='ltr'>accedente</span> <span class='ocrx_word' id='word_1_81' title='bbox 1082 1493 1176 1550; x_wconf 89' lang='lat' dir='ltr'>minus</span> <span class='ocrx_word' id='word_1_82' title='bbox 1190 1492 1310 1550; x_wconf 89' lang='lat' dir='ltr'>honeste</span> 
     </span>
     <span class='ocr_line' id='line_1_11' title="bbox 226 1590 1312 1666; baseline 0.003 -20"><span class='ocrx_word' id='word_1_83' title='bbox 226 1599 299 1666; x_wconf 90' lang='lat' dir='ltr'>agat,</span> <span class='ocrx_word' id='word_1_84' title='bbox 314 1591 360 1648; x_wconf 88' lang='lat' dir='ltr'>vel</span> <span class='ocrx_word' id='word_1_85' title='bbox 373 1591 513 1662; x_wconf 89' lang='lat' dir='ltr'>loquatur,</span> <span class='ocrx_word' id='word_1_86' title='bbox 529 1591 659 1663; x_wconf 90' lang='lat' dir='ltr'>quamvis</span> <span class='ocrx_word' id='word_1_87' title='bbox 673 1592 765 1649; x_wconf 90' lang='lat' dir='ltr'>omnis</span> <span class='ocrx_word' id='word_1_88' title='bbox 780 1591 853 1648; x_wconf 90' lang='lat' dir='ltr'>absit</span> <span class='ocrx_word' id='word_1_89' title='bbox 865 1599 1016 1666; x_wconf 86' lang='lat' dir='ltr'>praetextus</span> <span class='ocrx_word' id='word_1_90' title='bbox 1027 1590 1191 1658; x_wconf 88' lang='lat' dir='ltr'>confitendi,</span> <span class='ocrx_word' id='word_1_91' title='bbox 1205 1591 1312 1649; x_wconf 89' lang='lat' dir='ltr'>denun-</span> 
     </span>
     <span class='ocr_line' id='line_1_12' title="bbox 226 1684 1312 1766; baseline 0.004 -23"><span class='ocrx_word' id='word_1_92' title='bbox 226 1687 339 1746; x_wconf 91' lang='lat' dir='ltr'>tiandus</span> <span class='ocrx_word' id='word_1_93' title='bbox 353 1684 431 1746; x_wconf 76' lang='lat' dir='ltr'>estz²</span> <span class='ocrx_word' id='word_1_94' title='bbox 450 1707 534 1765; x_wconf 89' lang='lat' dir='ltr'>porro</span> <span class='ocrx_word' id='word_1_95' title='bbox 555 1689 764 1748; x_wconf 83' lang='lat' dir='ltr'>confessionale</span> <span class='ocrx_word' id='word_1_96' title='bbox 785 1688 950 1766; x_wconf 87' lang='lat' dir='ltr'>intelligitur</span> <span class='ocrx_word' id='word_1_97' title='bbox 969 1689 1051 1746; x_wconf 89' lang='lat' dir='ltr'>sedes</span> <span class='ocrx_word' id='word_1_98' title='bbox 1065 1689 1132 1756; x_wconf 86' lang='lat' dir='ltr'>fixa,</span> <span class='ocrx_word' id='word_1_99' title='bbox 1148 1709 1210 1762; x_wconf 84' lang='lat' dir='ltr'>quae</span> <span class='ocrx_word' id='word_1_100' title='bbox 1224 1691 1254 1747; x_wconf 92' lang='lat' dir='ltr'>in</span> <span class='ocrx_word' id='word_1_101' title='bbox 1267 1709 1312 1747; x_wconf 89' lang='lat' dir='ltr'>ec·</span> 
     </span>
     <span class='ocr_line' id='line_1_13' title="bbox 224 1786 1310 1864; baseline 0.003 -22"><span class='ocrx_word' id='word_1_102' title='bbox 224 1786 314 1843; x_wconf 90' lang='lat' dir='ltr'>clesia</span> <span class='ocrx_word' id='word_1_103' title='bbox 327 1788 453 1864; x_wconf 86' lang='lat' dir='ltr'>erigitur,</span> <span class='ocrx_word' id='word_1_104' title='bbox 468 1805 530 1859; x_wconf 83' lang='lat' dir='ltr'>quae</span> <span class='ocrx_word' id='word_1_105' title='bbox 544 1788 629 1845; x_wconf 87' lang='lat' dir='ltr'>habet</span> <span class='ocrx_word' id='word_1_106' title='bbox 640 1788 775 1846; x_wconf 88' lang='lat' dir='ltr'>laminam</span> <span class='ocrx_word' id='word_1_107' title='bbox 789 1788 907 1845; x_wconf 83' lang='lat' dir='ltr'>ferream</span> <span class='ocrx_word' id='word_1_108' title='bbox 928 1805 993 1844; x_wconf 91' lang='lat' dir='ltr'>cum</span> <span class='ocrx_word' id='word_1_109' title='bbox 1007 1788 1100 1863; x_wconf 88' lang='lat' dir='ltr'>parvis</span> <span class='ocrx_word' id='word_1_110' title='bbox 1114 1786 1310 1856; x_wconf 83' lang='lat' dir='ltr'>foraminibus,</span> 
     </span>
     <span class='ocr_line' id='line_1_14' title="bbox 223 1883 1311 1962; baseline 0 -20"><span class='ocrx_word' id='word_1_111' title='bbox 223 1886 265 1942; x_wconf 91' lang='lat' dir='ltr'>uti</span> <span class='ocrx_word' id='word_1_112' title='bbox 280 1883 334 1942; x_wconf 89' lang='lat' dir='ltr'>fert</span> <span class='ocrx_word' id='word_1_113' title='bbox 347 1885 436 1943; x_wconf 87' lang='lat' dir='ltr'>Italiae</span> <span class='ocrx_word' id='word_1_114' title='bbox 450 1903 530 1954; x_wconf 87' lang='lat' dir='ltr'>usus,</span> <span class='ocrx_word' id='word_1_115' title='bbox 545 1886 619 1961; x_wconf 92' lang='lat' dir='ltr'>apud</span> <span class='ocrx_word' id='word_1_116' title='bbox 630 1905 683 1943; x_wconf 92' lang='lat' dir='ltr'>nos</span> <span class='ocrx_word' id='word_1_117' title='bbox 697 1887 864 1962; x_wconf 88' lang='lat' dir='ltr'>plerumque</span> <span class='ocrx_word' id='word_1_118' title='bbox 877 1886 982 1946; x_wconf 87' lang='lat' dir='ltr'>lamina</span> <span class='ocrx_word' id='word_1_119' title='bbox 996 1887 1113 1954; x_wconf 87' lang='lat' dir='ltr'>omissa,</span> <span class='ocrx_word' id='word_1_120' title='bbox 1125 1887 1175 1944; x_wconf 89' lang='lat' dir='ltr'>sed</span> <span class='ocrx_word' id='word_1_121' title='bbox 1188 1887 1311 1943; x_wconf 88' lang='lat' dir='ltr'>cratibus</span> 
     </span>
     <span class='ocr_line' id='line_1_15' title="bbox 224 1983 1311 2064; baseline 0 -24"><span class='ocrx_word' id='word_1_122' title='bbox 224 1983 379 2060; x_wconf 89' lang='lat' dir='ltr'>interjectis</span> <span class='ocrx_word' id='word_1_123' title='bbox 393 1983 508 2064; x_wconf 88' lang='lat' dir='ltr'>ligneis.</span> <span class='ocrx_word' id='word_1_124' title='bbox 551 1983 610 2042; x_wconf 85' lang='lat' dir='ltr'>Sed</span> <span class='ocrx_word' id='word_1_125' title='bbox 632 1985 687 2042; x_wconf 88' lang='lat' dir='ltr'>alia</span> <span class='ocrx_word' id='word_1_126' title='bbox 710 2003 897 2056; x_wconf 80' lang='lat' dir='ltr'>quaecumque</span> <span class='ocrx_word' id='word_1_127' title='bbox 917 1983 1000 2041; x_wconf 91' lang='lat' dir='ltr'>sedes</span> <span class='ocrx_word' id='word_1_128' title='bbox 1022 1984 1081 2040; x_wconf 86' lang='lat' dir='ltr'>fixa</span> <span class='ocrx_word' id='word_1_129' title='bbox 1102 1984 1136 2042; x_wconf 92' lang='lat' dir='ltr'>ad</span> <span class='ocrx_word' id='word_1_130' title='bbox 1157 1983 1311 2042; x_wconf 89' lang='lat' dir='ltr'>audiendas</span> 
     </span>
     <span class='ocr_line' id='line_1_16' title="bbox 223 2082 1025 2158; baseline 0 -20"><span class='ocrx_word' id='word_1_131' title='bbox 223 2082 418 2140; x_wconf 88' lang='lat' dir='ltr'>consessiones</span> <span class='ocrx_word' id='word_1_132' title='bbox 431 2090 565 2158; x_wconf 88' lang='lat' dir='ltr'>usurpata</span> <span class='ocrx_word' id='word_1_133' title='bbox 578 2082 795 2140; x_wconf 85' lang='lat' dir='ltr'>confessionalis</span> <span class='ocrx_word' id='word_1_134' title='bbox 808 2082 924 2140; x_wconf 91' lang='lat' dir='ltr'>nomine</span> <span class='ocrx_word' id='word_1_135' title='bbox 937 2083 1025 2152; x_wconf 87' lang='lat' dir='ltr'>venit.</span> 
     </span>
    </p>

    <p class='ocr_par' dir='ltr' id='par_1_4' title="bbox 222 2179 1314 3332">
     <span class='ocr_line' id='line_1_17' title="bbox 263 2179 1311 2248; baseline 0.001 -10"><span class='ocrx_word' id='word_1_136' title='bbox 263 2184 334 2238; x_wconf 82' lang='lat'>241.</span> <span class='ocrx_word' id='word_1_137' title='bbox 357 2189 376 2215; x_wconf 80' lang='lat'>¹⁴</span> <span class='ocrx_word' id='word_1_138' title='bbox 386 2181 421 2238; x_wconf 96' lang='lat' dir='ltr'>In</span> <span class='ocrx_word' id='word_1_139' title='bbox 434 2179 490 2239; x_wconf 87' lang='lat' dir='ltr'>alio</span> <span class='ocrx_word' id='word_1_140' title='bbox 503 2182 568 2239; x_wconf 92' lang='lat' dir='ltr'>loco</span> <span class='ocrx_word' id='word_1_141' title='bbox 582 2179 618 2238; x_wconf 90' lang='lat' dir='ltr'>ad</span> <span class='ocrx_word' id='word_1_142' title='bbox 631 2181 829 2240; x_wconf 83' lang='lat' dir='ltr'>consessiones</span> <span class='ocrx_word' id='word_1_143' title='bbox 845 2179 1177 2248; x_wconf 69' lang='lat' dir='ltr'>audiendas,destinato”</span> <span class='ocrx_word' id='word_1_144' title='bbox 1199 2182 1224 2240; x_wconf 89' lang='lat' dir='ltr'>si</span> <span class='ocrx_word' id='word_1_145' title='bbox 1243 2181 1311 2239; x_wconf 88' lang='lat' dir='ltr'>soli·</span> 
     </span>
     <span class='ocr_line' id='line_1_18' title="bbox 225 2277 1313 2352; baseline 0.004 -18"><span class='ocrx_word' id='word_1_146' title='bbox 225 2279 320 2336; x_wconf 89' lang='lat' dir='ltr'>citatio</span> <span class='ocrx_word' id='word_1_147' title='bbox 332 2278 390 2345; x_wconf 88' lang='lat' dir='ltr'>fiat,</span> <span class='ocrx_word' id='word_1_148' title='bbox 405 2277 578 2337; x_wconf 89' lang='lat' dir='ltr'>denuntiatio</span> <span class='ocrx_word' id='word_1_149' title='bbox 591 2279 721 2337; x_wconf 82' lang='lat' dir='ltr'>iacienda</span> <span class='ocrx_word' id='word_1_150' title='bbox 734 2280 795 2336; x_wconf 88' lang='lat' dir='ltr'>erit.</span> <span class='ocrx_word' id='word_1_151' title='bbox 825 2280 875 2336; x_wconf 89' lang='lat' dir='ltr'>Sic</span> <span class='ocrx_word' id='word_1_152' title='bbox 888 2297 1113 2351; x_wconf 88' lang='lat' dir='ltr'>nonnumquam,</span> <span class='ocrx_word' id='word_1_153' title='bbox 1128 2279 1204 2352; x_wconf 92' lang='lat' dir='ltr'>quod</span> <span class='ocrx_word' id='word_1_154' title='bbox 1218 2289 1313 2339; x_wconf 88' lang='lat' dir='ltr'>tamen</span> 
     </span>
     <span class='ocr_line' id='line_1_19' title="bbox 225 2375 1311 2454; baseline 0.004 -22"><span class='ocrx_word' id='word_1_155' title='bbox 225 2375 434 2435; x_wconf 87' lang='lat' dir='ltr'>emendandum</span> <span class='ocrx_word' id='word_1_156' title='bbox 448 2385 491 2434; x_wconf 91' lang='lat' dir='ltr'>est</span> <span class='ocrx_word' id='word_1_157' title='bbox 504 2386 694 2454; x_wconf 88' lang='lat' dir='ltr'>quantocyus,</span> <span class='ocrx_word' id='word_1_158' title='bbox 708 2377 860 2436; x_wconf 86' lang='lat' dir='ltr'>audiuntur</span> <span class='ocrx_word' id='word_1_159' title='bbox 873 2377 1068 2435; x_wconf 87' lang='lat' dir='ltr'>consessiones</span> <span class='ocrx_word' id='word_1_160' title='bbox 1079 2378 1107 2436; x_wconf 89' lang='lat' dir='ltr'>iu</span> <span class='ocrx_word' id='word_1_161' title='bbox 1122 2377 1189 2436; x_wconf 88' lang='lat' dir='ltr'>sede</span> <span class='ocrx_word' id='word_1_162' title='bbox 1203 2377 1311 2444; x_wconf 86' lang='lat' dir='ltr'>mobili,</span> 
     </span>
     <span class='ocr_line' id='line_1_20' title="bbox 223 2474 1311 2552; baseline 0 -20"><span class='ocrx_word' id='word_1_163' title='bbox 223 2476 253 2532; x_wconf 93' lang='lat' dir='ltr'>in</span> <span class='ocrx_word' id='word_1_164' title='bbox 267 2474 394 2532; x_wconf 87' lang='lat' dir='ltr'>sacristia</span> <span class='ocrx_word' id='word_1_165' title='bbox 415 2477 518 2552; x_wconf 88' lang='lat' dir='ltr'>posita,</span> <span class='ocrx_word' id='word_1_166' title='bbox 542 2475 591 2534; x_wconf 90' lang='lat' dir='ltr'>ubi</span> <span class='ocrx_word' id='word_1_167' title='bbox 610 2476 636 2533; x_wconf 90' lang='lat' dir='ltr'>si</span> <span class='ocrx_word' id='word_1_168' title='bbox 656 2477 725 2550; x_wconf 92' lang='lat' dir='ltr'>quid</span> <span class='ocrx_word' id='word_1_169' title='bbox 745 2475 939 2534; x_wconf 89' lang='lat' dir='ltr'>admitteretur</span> <span class='ocrx_word' id='word_1_170' title='bbox 958 2495 992 2532; x_wconf 87' lang='lat' dir='ltr'>ea</span> <span class='ocrx_word' id='word_1_171' title='bbox 1011 2475 1170 2543; x_wconf 88' lang='lat' dir='ltr'>occasione,</span> <span class='ocrx_word' id='word_1_172' title='bbox 1186 2493 1250 2534; x_wconf 90' lang='lat' dir='ltr'>reus</span> <span class='ocrx_word' id='word_1_173' title='bbox 1264 2475 1311 2533; x_wconf 92' lang='lat' dir='ltr'>de·</span> 
     </span>
     <span class='ocr_line' id='line_1_21' title="bbox 224 2571 1311 2652; baseline 0 -21"><span class='ocrx_word' id='word_1_174' title='bbox 224 2571 397 2633; x_wconf 88' lang='lat' dir='ltr'>nuntiandus</span> <span class='ocrx_word' id='word_1_175' title='bbox 420 2574 502 2633; x_wconf 88' lang='lat' dir='ltr'>soret.</span> <span class='ocrx_word' id='word_1_176' title='bbox 543 2574 639 2633; x_wconf 91' lang='lat' dir='ltr'>Locus</span> <span class='ocrx_word' id='word_1_177' title='bbox 653 2577 766 2652; x_wconf 90' lang='lat' dir='ltr'>eligitur</span> <span class='ocrx_word' id='word_1_178' title='bbox 779 2575 814 2633; x_wconf 89' lang='lat' dir='ltr'>ad</span> <span class='ocrx_word' id='word_1_179' title='bbox 828 2573 981 2633; x_wconf 90' lang='lat' dir='ltr'>audiendas</span> <span class='ocrx_word' id='word_1_180' title='bbox 995 2573 1201 2642; x_wconf 86' lang='lat' dir='ltr'>confessiones,</span> <span class='ocrx_word' id='word_1_181' title='bbox 1226 2592 1260 2631; x_wconf 90' lang='lat' dir='ltr'>v:</span> <span class='ocrx_word' id='word_1_182' title='bbox 1276 2594 1311 2651; x_wconf 89' lang='lat' dir='ltr'>g:</span> 
     </span>
     <span class='ocr_line' id='line_1_22' title="bbox 223 2672 1314 2742; baseline 0.001 -12"><span class='ocrx_word' id='word_1_183' title='bbox 223 2672 385 2732; x_wconf 89' lang='lat' dir='ltr'>cubiculum</span> <span class='ocrx_word' id='word_1_184' title='bbox 398 2692 472 2741; x_wconf 92' lang='lat' dir='ltr'>rure,</span> <span class='ocrx_word' id='word_1_185' title='bbox 492 2673 561 2731; x_wconf 90' lang='lat' dir='ltr'>dum</span> <span class='ocrx_word' id='word_1_186' title='bbox 583 2673 701 2732; x_wconf 91' lang='lat' dir='ltr'>habetur</span> <span class='ocrx_word' id='word_1_187' title='bbox 720 2676 814 2742; x_wconf 87' lang='lat' dir='ltr'>statio,</span> <span class='ocrx_word' id='word_1_188' title='bbox 833 2674 883 2731; x_wconf 91' lang='lat' dir='ltr'>ubi</span> <span class='ocrx_word' id='word_1_189' title='bbox 905 2673 983 2731; x_wconf 87' lang='lat' dir='ltr'>nulla</span> <span class='ocrx_word' id='word_1_190' title='bbox 1002 2681 1046 2730; x_wconf 89' lang='lat' dir='ltr'>est</span> <span class='ocrx_word' id='word_1_191' title='bbox 1058 2673 1191 2732; x_wconf 86' lang='lat' dir='ltr'>ccclesia.</span> <span class='ocrx_word' id='word_1_192' title='bbox 1233 2672 1314 2731; x_wconf 84' lang='lat' dir='ltr'>Sica</span> 
     </span>
     <span class='ocr_line' id='line_1_23' title="bbox 222 2771 1313 2846; baseline 0.001 -16"><span class='ocrx_word' id='word_1_193' title='bbox 222 2772 372 2830; x_wconf 82' lang='lat' dir='ltr'>occasione</span> <span class='ocrx_word' id='word_1_194' title='bbox 387 2771 540 2846; x_wconf 90' lang='lat' dir='ltr'>deliquerit</span> <span class='ocrx_word' id='word_1_195' title='bbox 551 2773 694 2841; x_wconf 85' lang='lat' dir='ltr'>sacerdos,</span> <span class='ocrx_word' id='word_1_196' title='bbox 716 2773 814 2831; x_wconf 89' lang='lat' dir='ltr'>eadem</span> <span class='ocrx_word' id='word_1_197' title='bbox 838 2774 964 2845; x_wconf 87' lang='lat' dir='ltr'>seqnitur</span> <span class='ocrx_word' id='word_1_198' title='bbox 984 2771 1166 2830; x_wconf 91' lang='lat' dir='ltr'>denuntiandi</span> <span class='ocrx_word' id='word_1_199' title='bbox 1188 2773 1313 2831; x_wconf 89' lang='lat' dir='ltr'>necessi·</span> 
     </span>
     <span class='ocr_line' id='line_1_24' title="bbox 222 2869 1313 2948; baseline 0.003 -20"><span class='ocrx_word' id='word_1_200' title='bbox 222 2882 274 2928; x_wconf 89' lang='lat' dir='ltr'>tas.</span> <span class='ocrx_word' id='word_1_201' title='bbox 317 2869 461 2929; x_wconf 75' lang='lat' dir='ltr'>Caeterum</span> <span class='ocrx_word' id='word_1_202' title='bbox 476 2871 524 2929; x_wconf 93' lang='lat' dir='ltr'>ubi</span> <span class='ocrx_word' id='word_1_203' title='bbox 536 2871 617 2929; x_wconf 90' lang='lat' dir='ltr'>locus</span> <span class='ocrx_word' id='word_1_204' title='bbox 631 2872 672 2929; x_wconf 94' lang='lat' dir='ltr'>sic</span> <span class='ocrx_word' id='word_1_205' title='bbox 686 2889 738 2948; x_wconf 92' lang='lat' dir='ltr'>pro</span> <span class='ocrx_word' id='word_1_206' title='bbox 753 2871 864 2930; x_wconf 89' lang='lat' dir='ltr'>arbitrio</span> <span class='ocrx_word' id='word_1_207' title='bbox 884 2872 991 2928; x_wconf 91' lang='lat' dir='ltr'>electus</span> <span class='ocrx_word' id='word_1_208' title='bbox 1004 2878 1057 2937; x_wconf 90' lang='lat' dir='ltr'>est,</span> <span class='ocrx_word' id='word_1_209' title='bbox 1079 2871 1222 2929; x_wconf 87' lang='lat' dir='ltr'>simulatio</span> <span class='ocrx_word' id='word_1_210' title='bbox 1236 2870 1313 2931; x_wconf 90' lang='lat' dir='ltr'>audi-</span> 
     </span>
     <span class='ocr_line' id='line_1_25' title="bbox 224 2967 1312 3044; baseline 0.002 -18"><span class='ocrx_word' id='word_1_211' title='bbox 224 2967 292 3026; x_wconf 86' lang='lat' dir='ltr'>endi</span> <span class='ocrx_word' id='word_1_212' title='bbox 305 2967 411 3026; x_wconf 90' lang='lat' dir='ltr'>ibidem</span> <span class='ocrx_word' id='word_1_213' title='bbox 425 2969 637 3028; x_wconf 88' lang='lat' dir='ltr'>confessionem</span> <span class='ocrx_word' id='word_1_214' title='bbox 650 2971 811 3044; x_wconf 89' lang='lat' dir='ltr'>requiritur,</span> <span class='ocrx_word' id='word_1_215' title='bbox 825 2979 857 3027; x_wconf 92' lang='lat' dir='ltr'>ut</span> <span class='ocrx_word' id='word_1_216' title='bbox 869 2969 918 3026; x_wconf 89' lang='lat' dir='ltr'>illa</span> <span class='ocrx_word' id='word_1_217' title='bbox 930 2971 967 3026; x_wconf 90' lang='lat' dir='ltr'>sit</span> <span class='ocrx_word' id='word_1_218' title='bbox 979 2969 1130 3044; x_wconf 88' lang='lat' dir='ltr'>obligatio:</span> <span class='ocrx_word' id='word_1_219' title='bbox 1153 2970 1178 3026; x_wconf 90' lang='lat' dir='ltr'>si</span> <span class='ocrx_word' id='word_1_220' title='bbox 1191 2971 1268 3028; x_wconf 91' lang='lat' dir='ltr'>enirn</span> <span class='ocrx_word' id='word_1_221' title='bbox 1282 2971 1312 3028; x_wconf 91' lang='lat' dir='ltr'>in</span> 
     </span>
     <span class='ocr_line' id='line_1_26' title="bbox 223 3065 1311 3146; baseline 0.001 -22"><span class='ocrx_word' id='word_1_222' title='bbox 223 3065 391 3143; x_wconf 85' lang='lat' dir='ltr'>hujusmodi</span> <span class='ocrx_word' id='word_1_223' title='bbox 404 3067 536 3126; x_wconf 90' lang='lat' dir='ltr'>cubiculo</span> <span class='ocrx_word' id='word_1_224' title='bbox 550 3069 613 3140; x_wconf 91' lang='lat' dir='ltr'>quis</span> <span class='ocrx_word' id='word_1_225' title='bbox 628 3087 692 3128; x_wconf 92' lang='lat' dir='ltr'>cum</span> <span class='ocrx_word' id='word_1_226' title='bbox 713 3068 809 3146; x_wconf 88' lang='lat' dir='ltr'>puella</span> <span class='ocrx_word' id='word_1_227' title='bbox 822 3069 916 3126; x_wconf 90' lang='lat' dir='ltr'>minus</span> <span class='ocrx_word' id='word_1_228' title='bbox 930 3067 1033 3143; x_wconf 88' lang='lat' dir='ltr'>pudice</span> <span class='ocrx_word' id='word_1_229' title='bbox 1047 3075 1183 3133; x_wconf 90' lang='lat' dir='ltr'>versetur,</span> <span class='ocrx_word' id='word_1_230' title='bbox 1197 3066 1311 3139; x_wconf 88' lang='lat' dir='ltr'>quando</span> 
     </span>
     <span class='ocr_line' id='line_1_27' title="bbox 224 3164 1313 3245; baseline 0 -21"><span class='ocrx_word' id='word_1_231' title='bbox 224 3166 318 3224; x_wconf 86' lang='lat' dir='ltr'>omnis</span> <span class='ocrx_word' id='word_1_232' title='bbox 333 3166 412 3224; x_wconf 89' lang='lat' dir='ltr'>abest</span> <span class='ocrx_word' id='word_1_233' title='bbox 424 3166 614 3225; x_wconf 89' lang='lat' dir='ltr'>consessionis</span> <span class='ocrx_word' id='word_1_234' title='bbox 625 3176 788 3245; x_wconf 69' lang='lat' dir='ltr'>praetextus,</span> <span class='ocrx_word' id='word_1_235' title='bbox 810 3168 919 3225; x_wconf 88' lang='lat' dir='ltr'>crimen</span> <span class='ocrx_word' id='word_1_236' title='bbox 932 3184 989 3224; x_wconf 92' lang='lat' dir='ltr'>non</span> <span class='ocrx_word' id='word_1_237' title='bbox 1003 3175 1056 3232; x_wconf 87' lang='lat' dir='ltr'>est,</span> <span class='ocrx_word' id='word_1_238' title='bbox 1071 3167 1099 3224; x_wconf 89' lang='lat' dir='ltr'>vi</span> <span class='ocrx_word' id='word_1_239' title='bbox 1113 3164 1189 3223; x_wconf 88' lang='lat' dir='ltr'>illius</span> <span class='ocrx_word' id='word_1_240' title='bbox 1209 3166 1313 3224; x_wconf 91' lang='lat' dir='ltr'>consti·</span> 
     </span>
     <span class='ocr_line' id='line_1_28' title="bbox 225 3264 880 3332; baseline 0.006 -10"><span class='ocrx_word' id='word_1_241' title='bbox 225 3264 353 3332; x_wconf 86' lang='lat' dir='ltr'>tutionis,</span> <span class='ocrx_word' id='word_1_242' title='bbox 368 3267 528 3324; x_wconf 89' lang='lat' dir='ltr'>necessario</span> <span class='ocrx_word' id='word_1_243' title='bbox 542 3265 739 3326; x_wconf 81' lang='lat' dir='ltr'>deserendum.</span> <span class='ocrx_word' id='word_1_244' title='bbox 878 3266 880 3270; x_wconf 76' lang='grc'><strong>’</strong></span> 
     </span>
    </p>

    <p class='ocr_par' dir='ltr' id='par_1_5' title="bbox 222 3363 1312 3838">
     <span class='ocr_line' id='line_1_29' title="bbox 264 3363 1311 3441; baseline 0.001 -20"><span class='ocrx_word' id='word_1_245' title='bbox 264 3367 334 3421; x_wconf 87' lang='grc'><strong>242.</strong></span> <span class='ocrx_word' id='word_1_246' title='bbox 356 3364 479 3423; x_wconf 86' lang='lat' dir='ltr'>Etiamsi</span> <span class='ocrx_word' id='word_1_247' title='bbox 495 3365 589 3423; x_wconf 88' lang='lat' dir='ltr'>omnis</span> <span class='ocrx_word' id='word_1_248' title='bbox 611 3366 683 3423; x_wconf 90' lang='lat' dir='ltr'>absit</span> <span class='ocrx_word' id='word_1_249' title='bbox 704 3367 821 3424; x_wconf 91' lang='lat' dir='ltr'>intentio</span> <span class='ocrx_word' id='word_1_250' title='bbox 842 3365 961 3441; x_wconf 75' lang='lat' dir='ltr'>copule,</span> <span class='ocrx_word' id='word_1_251' title='bbox 983 3363 1135 3436; x_wconf 89' lang='lat' dir='ltr'>omnisque</span> <span class='ocrx_word' id='word_1_252' title='bbox 1149 3373 1245 3441; x_wconf 90' lang='lat' dir='ltr'>gestus</span> <span class='ocrx_word' id='word_1_253' title='bbox 1259 3365 1311 3422; x_wconf 91' lang='lat' dir='ltr'>im·</span> 
     </span>
     <span class='ocr_line' id='line_1_30' title="bbox 222 3461 1310 3538; baseline -0.002 -18"><span class='ocrx_word' id='word_1_254' title='bbox 222 3462 355 3538; x_wconf 89' lang='lat' dir='ltr'>pudicus,</span> <span class='ocrx_word' id='word_1_255' title='bbox 371 3464 395 3520; x_wconf 92' lang='lat' dir='ltr'>si</span> <span class='ocrx_word' id='word_1_256' title='bbox 410 3472 505 3522; x_wconf 88' lang='lat' dir='ltr'>tamen</span> <span class='ocrx_word' id='word_1_257' title='bbox 528 3463 672 3522; x_wconf 85' lang='lat' dir='ltr'>“illicitos</span> <span class='ocrx_word' id='word_1_258' title='bbox 692 3476 722 3524; x_wconf 89' lang='lat' dir='ltr'>et</span> <span class='ocrx_word' id='word_1_259' title='bbox 740 3464 906 3523; x_wconf 87' lang='lat' dir='ltr'>inhonestos</span> <span class='ocrx_word' id='word_1_260' title='bbox 927 3480 1084 3531; x_wconf 88' lang='lat' dir='ltr'>sermones,</span> <span class='ocrx_word' id='word_1_261' title='bbox 1099 3463 1145 3522; x_wconf 88' lang='lat' dir='ltr'>vel</span> <span class='ocrx_word' id='word_1_262' title='bbox 1159 3461 1310 3520; x_wconf 88' lang='lat' dir='ltr'>tractatus’&#39;</span> 
     </span>
     <span class='ocr_line' id='line_1_31' title="bbox 222 3560 1312 3640; baseline 0 -21"><span class='ocrx_word' id='word_1_263' title='bbox 222 3561 371 3620; x_wconf 89' lang='lat' dir='ltr'>habuerint</span> <span class='ocrx_word' id='word_1_264' title='bbox 384 3562 552 3621; x_wconf 87' lang='lat' dir='ltr'>confessarii</span> <span class='ocrx_word' id='word_1_265' title='bbox 579 3582 646 3621; x_wconf 91' lang='lat' dir='ltr'>cum</span> <span class='ocrx_word' id='word_1_266' title='bbox 666 3563 877 3640; x_wconf 77' lang='lat' dir='ltr'>poenitentibus,</span> <span class='ocrx_word' id='word_1_267' title='bbox 899 3560 1083 3620; x_wconf 89' lang='lat' dir='ltr'>denuntiandi</span> <span class='ocrx_word' id='word_1_268' title='bbox 1105 3571 1180 3620; x_wconf 91' lang='lat' dir='ltr'>sunt.</span> <span class='ocrx_word' id='word_1_269' title='bbox 1222 3561 1312 3634; x_wconf 91' lang='lat' dir='ltr'>Equi·</span> 
     </span>
     <span class='ocr_line' id='line_1_32' title="bbox 222 3659 1311 3739; baseline 0.001 -21"><span class='ocrx_word' id='word_1_270' title='bbox 222 3659 288 3719; x_wconf 91' lang='lat' dir='ltr'>dem</span> <span class='ocrx_word' id='word_1_271' title='bbox 302 3662 446 3734; x_wconf 90' lang='lat' dir='ltr'>colloquia</span> <span class='ocrx_word' id='word_1_272' title='bbox 469 3681 556 3739; x_wconf 89' lang='lat' dir='ltr'>prava</span> <span class='ocrx_word' id='word_1_273' title='bbox 577 3663 680 3734; x_wconf 90' lang='lat' dir='ltr'>quibus</span> <span class='ocrx_word' id='word_1_274' title='bbox 703 3681 796 3721; x_wconf 89' lang='lat' dir='ltr'>mores</span> <span class='ocrx_word' id='word_1_275' title='bbox 817 3663 899 3721; x_wconf 86' lang='lat' dir='ltr'>facile</span> <span class='ocrx_word' id='word_1_276' title='bbox 920 3662 1064 3728; x_wconf 89' lang='lat' dir='ltr'>vitiantur,</span> <span class='ocrx_word' id='word_1_277' title='bbox 1085 3671 1151 3720; x_wconf 90' lang='lat' dir='ltr'>sunt</span> <span class='ocrx_word' id='word_1_278' title='bbox 1163 3661 1311 3738; x_wconf 88' lang='lat' dir='ltr'>sacrilegia</span> 
     </span>
     <span class='ocr_line' id='line_1_33' title="bbox 222 3759 1271 3838; baseline 0.002 -23"><span class='ocrx_word' id='word_1_279' title='bbox 222 3759 367 3827; x_wconf 88' lang='lat' dir='ltr'>immania,</span> <span class='ocrx_word' id='word_1_280' title='bbox 381 3762 491 3834; x_wconf 91' lang='lat' dir='ltr'>quoties</span> <span class='ocrx_word' id='word_1_281' title='bbox 505 3761 535 3820; x_wconf 89' lang='lat' dir='ltr'>in</span> <span class='ocrx_word' id='word_1_282' title='bbox 549 3761 692 3828; x_wconf 89' lang='lat' dir='ltr'>tribunali,</span> <span class='ocrx_word' id='word_1_283' title='bbox 707 3762 818 3838; x_wconf 88' lang='lat' dir='ltr'>pietatis</span> <span class='ocrx_word' id='word_1_284' title='bbox 833 3761 917 3819; x_wconf 89' lang='lat' dir='ltr'>veluti</span> <span class='ocrx_word' id='word_1_285' title='bbox 931 3763 1038 3838; x_wconf 87' lang='lat' dir='ltr'>specie,</span> <span class='ocrx_word' id='word_1_286' title='bbox 1050 3761 1144 3819; x_wconf 89' lang='lat' dir='ltr'>habita</span> <span class='ocrx_word' id='word_1_287' title='bbox 1157 3762 1271 3820; x_wconf 82' lang='lat' dir='ltr'>luerint.</span> 
     </span>
    </p>

    <p class='ocr_par' dir='ltr' id='par_1_6' title="bbox 223 3857 1313 4131">
     <span class='ocr_line' id='line_1_34' title="bbox 262 3857 1310 3935; baseline -0.001 -21"><span class='ocrx_word' id='word_1_288' title='bbox 262 3860 332 3914; x_wconf 84' lang='lat'>243.</span> <span class='ocrx_word' id='word_1_289' title='bbox 360 3859 556 3932; x_wconf 73' lang='lat' dir='ltr'>Quacumque</span> <span class='ocrx_word' id='word_1_290' title='bbox 579 3878 702 3935; x_wconf 87' lang='lat' dir='ltr'>persona</span> <span class='ocrx_word' id='word_1_291' title='bbox 724 3860 861 3918; x_wconf 90' lang='lat' dir='ltr'>solicitata</span> <span class='ocrx_word' id='word_1_292' title='bbox 881 3860 974 3928; x_wconf 83' lang='lat' dir='ltr'>suerit,</span> <span class='ocrx_word' id='word_1_293' title='bbox 996 3861 1080 3918; x_wconf 90' lang='lat' dir='ltr'>etiam</span> <span class='ocrx_word' id='word_1_294' title='bbox 1094 3861 1248 3925; x_wconf 89' lang='lat' dir='ltr'>masculus,</span> <span class='ocrx_word' id='word_1_295' title='bbox 1263 3857 1310 3914; x_wconf 91' lang='lat' dir='ltr'>de·</span> 
     </span>
     <span class='ocr_line' id='line_1_35' title="bbox 223 3949 1310 4035; baseline 0.002 -25"><span class='ocrx_word' id='word_1_296' title='bbox 223 3955 352 4012; x_wconf 87' lang='lat' dir='ltr'>nuntiare</span> <span class='ocrx_word' id='word_1_297' title='bbox 373 3955 456 4014; x_wconf 90' lang='lat' dir='ltr'>debet</span> <span class='ocrx_word' id='word_1_298' title='bbox 474 3949 718 4021; x_wconf 72' lang='lat' dir='ltr'>confessarium:3</span> <span class='ocrx_word' id='word_1_299' title='bbox 743 3968 915 4035; x_wconf 89' lang='lat' dir='ltr'>quapropter</span> <span class='ocrx_word' id='word_1_300' title='bbox 934 3960 960 4016; x_wconf 92' lang='lat' dir='ltr'>si</span> <span class='ocrx_word' id='word_1_301' title='bbox 986 3976 1105 4034; x_wconf 89' lang='lat' dir='ltr'>puerum</span> <span class='ocrx_word' id='word_1_302' title='bbox 1127 3957 1310 4014; x_wconf 86' lang='lat' dir='ltr'>confitentem</span> 
     </span>
     <span class='ocr_line' id='line_1_36' title="bbox 223 4048 1313 4131; baseline 0.003 -22"><span class='ocrx_word' id='word_1_303' title='bbox 223 4048 373 4129; x_wconf 81' lang='lat' dir='ltr'>impudice</span> <span class='ocrx_word' id='word_1_304' title='bbox 382 4055 512 4131; x_wconf 87' lang='lat' dir='ltr'>tetigerit,</span> <span class='ocrx_word' id='word_1_305' title='bbox 527 4056 703 4115; x_wconf 90' lang='lat' dir='ltr'>denuntiatio</span> <span class='ocrx_word' id='word_1_306' title='bbox 717 4058 878 4115; x_wconf 83' lang='lat' dir='ltr'>necessario</span> <span class='ocrx_word' id='word_1_307' title='bbox 893 4055 1022 4116; x_wconf 82' lang='lat' dir='ltr'>facienda</span> <span class='ocrx_word' id='word_1_308' title='bbox 1032 4064 1085 4112; x_wconf 89' lang='lat' dir='ltr'>est.</span> <span class='ocrx_word' id='word_1_309' title='bbox 1127 4054 1159 4110; x_wconf 88' lang='lat' dir='ltr'>Si</span> <span class='ocrx_word' id='word_1_310' title='bbox 1172 4051 1268 4131; x_wconf 89' lang='lat' dir='ltr'>puella</span> <span class='ocrx_word' id='word_1_311' title='bbox 1282 4053 1313 4111; x_wconf 95' lang='lat' dir='ltr'>in</span> 
     </span>
    </p>
   </div>
   <div class='ocr_carea' id='block_1_3' title="bbox 219 4285 1312 4522">
    <p class='ocr_par' dir='ltr' id='par_1_7' title="bbox 219 4285 1312 4522">
     <span class='ocr_line' id='line_1_37' title="bbox 254 4285 1109 4354; baseline -0.004 -20"><span class='ocrx_word' id='word_1_312' title='bbox 254 4287 298 4354; x_wconf 87' lang='lat'>(1)</span> <span class='ocrx_word' id='word_1_313' title='bbox 317 4285 538 4351; x_wconf 75' lang='lat' dir='ltr'>S.Alph.1.vi.n</span> <span class='ocrx_word' id='word_1_314' title='bbox 551 4289 609 4338; x_wconf 86' lang='grc'><strong>679.</strong></span> <span class='ocrx_word' id='word_1_315' title='bbox 844 4288 886 4353; x_wconf 90' lang='grc'>(2)</span> <span class='ocrx_word' id='word_1_316' title='bbox 905 4286 1039 4344; x_wconf 88' lang='lat' dir='ltr'>lbidem,n.</span> <span class='ocrx_word' id='word_1_317' title='bbox 1051 4286 1109 4333; x_wconf 82' lang='grc'><strong>680.</strong></span> 
     </span>
     <span class='ocr_line' id='line_1_38' title="bbox 254 4366 1312 4437; baseline 0 -16"><span class='ocrx_word' id='word_1_318' title='bbox 254 4372 297 4437; x_wconf 82' lang='lat'>(³)</span> <span class='ocrx_word' id='word_1_319' title='bbox 318 4370 381 4420; x_wconf 88' lang='lat' dir='ltr'>Vide</span> <span class='ocrx_word' id='word_1_320' title='bbox 392 4370 488 4422; x_wconf 80' lang='lat' dir='ltr'>decreta</span> <span class='ocrx_word' id='word_1_321' title='bbox 499 4387 514 4421; x_wconf 85' lang='lat' dir='ltr'>s</span> <span class='ocrx_word' id='word_1_322' title='bbox 524 4370 657 4425; x_wconf 79' lang='lat' dir='ltr'>Laurentio</span> <span class='ocrx_word' id='word_1_323' title='bbox 669 4372 750 4423; x_wconf 81' lang='lat' dir='ltr'>Oozaa</span> <span class='ocrx_word' id='word_1_324' title='bbox 761 4372 835 4422; x_wconf 84' lang='lat' dir='ltr'>relsts</span> <span class='ocrx_word' id='word_1_325' title='bbox 846 4370 911 4434; x_wconf 84' lang='lat' dir='ltr'>apud</span> <span class='ocrx_word' id='word_1_326' title='bbox 929 4369 1072 4433; x_wconf 86' lang='lat' dir='ltr'>Philippum</span> <span class='ocrx_word' id='word_1_327' title='bbox 1089 4367 1128 4418; x_wconf 88' lang='lat' dir='ltr'>De</span> <span class='ocrx_word' id='word_1_328' title='bbox 1141 4366 1312 4432; x_wconf 83' lang='lat' dir='ltr'>Garborreano,</span> 
     </span>
     <span class='ocr_line' id='line_1_39' title="bbox 219 4455 430 4522; baseline 0.014 -18"><span class='ocrx_word' id='word_1_329' title='bbox 219 4457 283 4522; x_wconf 86' lang='lat' dir='ltr'>App.</span> <span class='ocrx_word' id='word_1_330' title='bbox 295 4455 324 4508; x_wconf 83' lang='lat' dir='ltr'>dc</span> <span class='ocrx_word' id='word_1_331' title='bbox 336 4456 430 4510; x_wconf 70' lang='lat' dir='ltr'>enticis.</span> 
     </span>
    </p>
   </div>
   <div class='ocr_carea' id='block_1_4' title="bbox 0 0 1576 5192">
    <p class='ocr_par' dir='ltr' id='par_1_8' title="bbox 0 0 1576 5192">
     <span class='ocr_line' id='line_1_40' title="bbox 0 0 1576 5192; baseline 0 1"><span class='ocrx_word' id='word_1_332' title='bbox 0 0 1576 5192; x_wconf 95' lang='lat' dir='ltr'> </span> 
     </span>
    </p>
   </div>
  </div>
 </body>
</html>
