3124 5168
526 627 531 650 t
591 577 647 640 DE
668 575 953 641 INTENTIONE.

674 1083 816 1146 CAPUT
835 1084 876 1145 II.

645 1301 684 1342 DE
704 1294 904 1344 utrumnum.

227 1459 233 1469 '
272 1463 320 1518 ll.
341 1461 476 1520 Minister
489 1463 661 1520 sacramenti
673 1459 785 1531 dicitur,
807 1445 863 1535 qui'
877 1460 948 1519 illud
969 1459 1078 1518 Christi
1091 1461 1207 1520 nomine
1219 1459 1317 1521 efficit.

231 1558 372 1632 Pleraque
392 1560 546 1637 specialem
567 1563 689 1638 exigunt
708 1563 738 1620 in
758 1561 919 1620 conserente
942 1559 1152 1627 auctoritatcmt
1171 1579 1225 1623 nec
1240 1561 1320 1620 enim

232 1659 385 1737 cujuslibet
405 1667 449 1717 est
469 1659 566 1719 divina
582 1660 677 1738 largiri
697 1660 781 1728 dona,
802 1679 855 1718 suo
874 1659 962 1720 veluti
982 1659 1114 1718 arbitrio:
1143 1659 1195 1719 sed
1214 1661 1318 1738 baptis·

232 1775 308 1828 mus,
324 1759 360 1817 ob
374 1776 515 1818 summam
535 1761 597 1836 ejus
618 1761 826 1827 necessitatem,
848 1779 864 1817 a
883 1759 1010 1832 quolibet
1030 1759 1183 1818 ministrari
1203 1767 1316 1836 potest;

152 1915 154 1918 .
231 1858 361 1929 quamvis
383 1876 442 1916 non
462 1857 563 1917 debeat
587 1860 755 1936 plemmque
775 1859 833 1918 nisi
852 1879 869 1918 a
888 1859 976 1916 sacris
997 1859 1153 1918 ministris:
1175 1870 1204 1918 et
1227 1857 1324 1916 matri·

228 1956 358 2016 monium
372 1958 408 2016 ob
422 1965 581 2016 contractus
595 1969 723 2018 naturam
747 1980 764 2018 a
786 1958 970 2032 quibuslibet,
989 1957 1053 2036 lege
1074 1956 1151 2016 haud
1165 1955 1320 2036 impeditis,

229 2055 279 2128 qui
292 2064 321 2113 et
333 2058 456 2115 ministri
469 2058 615 2135 plerisque
629 2060 771 2126 videntur,
785 2059 882 2117 initur.

272 2159 319 2213 12.
341 2155 386 2214 De
404 2157 563 2217 intentione
585 2160 708 2218 ministri
733 2160 828 2236 gravis
854 2165 899 2216 est
920 2155 1121 2215 controversia.
1171 2153 1319 2230 Equidem

229 2253 286 2312 fide
300 2264 411 2314 constat
424 2258 561 2328 “requiri
573 2259 760 2318 intentionem
774 2258 873 2315 saltem
893 2255 1015 2314 faciendi
1034 2255 1112 2330 quod
1130 2255 1198 2314 lacit
1217 2253 1320 2314 Eccle-

137 2409 139 2413 ,
231 2348 324 2410 sia.’'1
373 2354 526 2419 “Quando
552 2355 661 2428 aliquid
685 2375 718 2413 se
742 2357 829 2414 habet
853 2354 889 2412 ad
915 2353 1033 2421 multa,''
1061 2353 1260 2413 animadvertit
1285 2353 1318 2410 S.

231 2450 374 2519 Thomas,
390 2459 410 2487 ‘⁴
420 2461 531 2529 oportet
544 2453 621 2524 quod
634 2471 685 2530 per
698 2452 805 2526 aliquid
818 2451 1019 2510 determinetur
1032 2453 1067 2509 ad
1080 2470 1180 2519 unum,
1203 2454 1228 2510 si
1249 2450 1320 2510 illud

228 2548 305 2609 effici
319 2549 427 2610 debeat.
470 2552 516 2612 Ea
529 2571 597 2611 vero
614 2571 677 2626 quae
691 2552 721 2610 in
735 2550 918 2610 sacramentis
939 2559 1069 2625 aguntur,
1090 2559 1211 2627 possunt
1230 2548 1321 2609 diver·

228 2648 339 2709 simode
353 2651 398 2726 agi
411 2652 488 2710 sicut
499 2649 605 2711 ablutio
625 2671 717 2725 aquas,
741 2669 804 2724 quae
817 2651 850 2708 fit
874 2649 904 2707 in
918 2649 1069 2724 baptismo,
1084 2658 1179 2728 potest
1195 2649 1321 2709 ordinari

227 2758 257 2808 et
278 2751 315 2809 ad
334 2751 501 2828 munditiam
527 2752 715 2828 corporalem,
743 2761 772 2809 et
791 2750 827 2809 ad
846 2750 995 2808 sanitatem
1020 2749 1208 2828 corporalem,
1231 2757 1259 2808 et
1284 2747 1320 2808 ad

228 2847 340 2917 ludum,
361 2859 390 2906 et
406 2848 441 2908 ad
461 2851 550 2909 multa
567 2852 620 2910 alia
632 2849 809 2929 hujusmodi.
851 2849 892 2907 Et
910 2847 977 2907 ideo
999 2858 1112 2926 oportet
1130 2848 1208 2923 quod
1227 2849 1320 2908 deter-

226 2949 349 3008 minetur
361 2946 396 3005 ad
409 2969 508 3017 unum,
529 2950 560 3007 id
579 2959 632 3020 est,
654 2949 691 3008 ad
703 2948 936 3008 sacramentalem
951 2947 1086 3009 effectum
1098 2951 1151 3027 per
1165 2950 1317 3008 intention·

229 3065 276 3107 em
290 3049 437 3108 abluentis.
478 3049 519 3107 Et
531 3048 593 3107 haec
605 3049 726 3108 intentio
746 3049 917 3124 exprimitur
930 3067 980 3122 per
993 3047 1088 3117 verba,
1109 3067 1172 3120 quae
1186 3049 1216 3105 in
1229 3066 1319 3105 sacra·

228 3149 329 3207 mentis
344 3149 484 3216 dicuntur,
505 3157 651 3226 putacum
665 3147 751 3206 dicit:
773 3147 860 3224 ‘Ego
875 3155 900 3204 te
913 3145 1029 3222 baptizo
1043 3146 1073 3202 in
1085 3146 1202 3204 nomine
1216 3145 1319 3215 Patris,

126 3327 127 3330 Ἴ
229 3243 325 3305 etc.”²
366 3249 498 3306 Attamen
517 3267 634 3306 necesse
651 3267 709 3307 non
731 3256 784 3316 est,
805 3255 835 3304 ut
848 3246 912 3319 quis
932 3246 1003 3306 velit
1014 3253 1192 3305 sacramento
1205 3244 1320 3303 confici·

230 3343 306 3404 endo
331 3345 471 3421 impertiri
495 3349 622 3421 gratiam,
648 3367 715 3406 nam
740 3347 824 3415 valet,
855 3347 940 3423 juxta
964 3355 1132 3422 perpetuam
1159 3345 1318 3406 doctrinam

229 3444 381 3513 Ecclesiae,
396 3443 554 3520 baptismus
568 3445 603 3502 ab
615 3445 756 3504 haereticis
770 3445 898 3513 collatus,
922 3455 1032 3503 servata
1045 3447 1164 3504 materia
1176 3455 1206 3504 et
1217 3445 1317 3513 forma,

228 3545 296 3604 licet
308 3544 436 3622 plerique
451 3562 488 3601 ex
501 3545 572 3620 ipsis
586 3563 645 3604 non
659 3545 775 3604 credant
787 3545 905 3622 gratiam
919 3553 1097 3603 sacramento
1110 3542 1248 3602 conferrit
1264 3560 1318 3602 nec

227 3646 380 3718 requiritur
399 3653 431 3702 ut
450 3643 540 3701 velint
558 3643 650 3704 facere
672 3645 749 3718 quod
770 3645 905 3702 Ecclesia
918 3643 1069 3703 Catholica
1088 3644 1165 3712 lacit,
1186 3635 1318 3718 quamvis

227 3743 288 3804 haec
302 3746 338 3802 sit
351 3743 413 3802 sola
427 3741 538 3800 Christi
551 3762 667 3819 sponsa,
683 3764 767 3817 quam
781 3745 836 3820 ipsi
850 3762 908 3803 non
922 3752 1097 3822 agnoscunt3
1115 3743 1167 3802 sed
1180 3745 1250 3802 satis
1263 3752 1317 3809 est,

228 3854 260 3901 ut
272 3843 300 3903 id
314 3844 368 3902 sibi
382 3852 545 3920 proponant
557 3841 729 3912 faciendum,
743 3843 821 3915 quod
840 3844 869 3901 in
886 3843 1021 3901 Ecclesia
1040 3843 1082 3910 fit,
1103 3844 1175 3921 ipsis
1188 3843 1260 3902 forte
1281 3839 1317 3898 de

227 3961 296 4002 vera
320 3943 453 4002 Ecclesia
485 3943 526 4002 nil
559 3944 757 4020 cogitantibus.
804 3942 854 4000 Sic
889 3943 1018 4002 definivit
1046 3942 1117 4001 Pius
1152 3943 1191 3999 V.
1217 3955 1316 3997 verum

229 4059 294 4100 csse
316 4041 466 4118 baptisma,
491 4061 549 4117 quo
562 4051 706 4103 uterentur
732 4042 908 4110 Calvinistae,
922 4063 988 4101 cnm
1010 4030 1167 4099 intentione
1188 4035 1316 4113 generali
1400 4093 1403 4097 ,

228 4141 352 4201 faciendi
361 4140 436 4214 quod
446 4141 577 4201 Christus
586 4143 716 4213 instituit3
726 4153 754 4201 et
761 4140 826 4201 ideo
837 4143 993 4218 baptizatos
1003 4141 1038 4198 ab
1047 4140 1118 4214 ipsis
1126 4155 1184 4194 non
1193 4152 1257 4191 esse
1265 4135 1315 4193 ite·

161 4235 164 4239 ’
227 4260 291 4302 rum
299 4241 485 4320 baptizandos
498 4243 551 4301 sub
565 4235 754 4311 conditione,³
766 4243 835 4301 licet
844 4241 1008 4300 Ecclesiam
1018 4235 1187 4294 catholicam
1198 4252 1314 4311 prorsus

262 4466 305 4531 (l)
325 4464 402 4516 Ocno.
414 4465 483 4516 Trid.
494 4465 559 4514 Sese.
570 4463 611 4513 vii.
623 4463 686 4512 Can.
697 4456 731 4509 ri.
809 4460 851 4523 (2)
871 4457 904 4505 iii.
915 4472 939 4520 p.
948 4469 989 4518 qn.
997 4449 1055 4503 lxiv.
1067 4457 1109 4502 art
1121 4453 1170 4503 viii.
1205 4452 1281 4527 Recp.

418 4551 461 4618 (³)
481 4550 557 4600 Cone.
568 4548 664 4598 Ebrolc.
676 4543 741 4610 apud
751 4542 845 4594 Beued.
855 4541 904 4592 xiv.
915 4542 931 4592 l.
942 4541 982 4591 vii.
995 4555 1017 4592 c.
1027 4538 1060 4588 vi.
1070 4550 1095 4590 n.
1108 4542 1130 4592 9.
