3124 5168
483 567 539 627 DE
561 564 755 627 MATERIA
773 565 833 626 ET
853 563 1010 661 FORMA.
1280 571 1299 626 ³

207 735 289 796 muni
300 752 443 794 revocare.
483 735 519 794 ln
532 733 715 794 matrimonio
728 749 886 792 consensus
899 733 1015 792 alterius
1035 733 1106 810 poui
1118 731 1214 801 debet,
1229 729 1299 794 dum

206 835 320 894 alterium
334 852 492 894 consensus
505 841 669 910 perseverat
680 831 847 902 moraliter,
857 833 944 892 instar
952 841 1148 893 contractuum
1157 832 1299 893 omnium.

246 939 276 992 5.
290 935 455 994 Substantia
465 942 708 994 sacramentorum
721 934 832 1012 integra
843 941 1101 994 serveturuecesse
1113 940 1167 1002 est,
1176 949 1211 990 ea
1220 931 1300 991 euim

205 1033 301 1092 vitiata
312 1042 342 1092 at
354 1033 473 1104 sublata,
484 1035 547 1112 jam
559 1052 617 1092 uon
630 1035 685 1092 erit
697 1031 727 1092 id
739 1035 786 1093 cui
809 1051 847 1092 ex
866 1031 964 1092 dirim
977 1033 1155 1093 institutione
1167 1032 1212 1090 ris
1224 1031 1300 1090 salu·

206 1132 447 1192 tarisadnectitur.
488 1133 684 1206 Quemcumque
698 1133 785 1210 igitur
796 1133 915 1191 mutatio
924 1132 1112 1192 substantiam
1121 1131 1245 1190 materia
1255 1131 1302 1190 vel

207 1229 305 1290 scrmae
318 1231 439 1310 attingit,
448 1233 540 1293 officit
552 1231 723 1292 confectioni
737 1232 917 1292 sacramenti.
959 1233 1010 1292 Sic
1023 1232 1072 1306 qui
1083 1231 1154 1291 olim
1165 1231 1196 1290 in
1204 1229 1304 1290 Africa

207 1347 311 1403 aquam
324 1332 417 1392 solam
436 1332 468 1392 iu
487 1331 671 1392 Eucharistia
690 1331 889 1400 adhibuerunt,
913 1339 942 1390 et
962 1332 1011 1406 qui
1030 1330 1174 1390 recentius
1193 1330 1224 1389 in
1244 1329 1299 1390 hac

207 1429 335 1506 regione,
350 1432 543 1508 temperantia
557 1429 664 1499 studio,
671 1431 717 1490 lac
729 1449 788 1508 pra
801 1430 869 1489 vino
881 1429 1075 1490 adhibendum
1084 1427 1301 1497 contenderunt,

208 1529 356 1589 materiam
370 1530 540 1590 sacramenti
561 1531 682 1589 omniuo
704 1538 855 1589 mutarunt
897 1530 1020 1590 Mutatio
1040 1547 1103 1604 quta
1117 1529 1302 1588 substantiam

209 1644 270 1688 uon
284 1629 405 1707 attingit,
419 1627 615 1689 occidentalia
628 1630 734 1689 idcirco
748 1629 900 1698 diotauon
912 1630 1006 1689 obstat
1017 1629 1108 1689 valoti
1120 1629 1301 1688 scemmenti.

212 1725 246 1784 Si
260 1728 329 1787 rino
342 1726 484 1788 admixtus
497 1728 580 1787 suerit
592 1729 687 1803 liquor
699 1730 783 1798 alius,
796 1729 951 1788 curatione
964 1747 1028 1804 qua
1041 1730 1103 1807 ejus
1116 1727 1304 1788 substantiam

209 1844 268 1886 nou
281 1828 370 1897 vitiet,
385 1839 594 1888 sacramentum
608 1830 711 1889 confici
724 1838 836 1908 potest:
858 1847 942 1888 secus
958 1830 985 1888 si
997 1828 1132 1888 mistione
1144 1826 1305 1886 substantia

209 1926 269 1984 riui
281 1935 414 1995 mutetur,
429 1928 470 1986 uti
482 1930 624 2006 contingit
636 1930 661 1989 si
675 1948 780 2008 magua
792 1947 875 2004 aqua
888 1931 983 2007 copia,
996 1927 1043 1987 vel
1056 1946 1137 2003 aqua
1149 1927 1225 1996 vitta,
1236 1926 1305 1985 vino

210 2024 324 2086 modico
346 2027 545 2087 admisceatur.
595 2027 741 2088 Caeterum
761 2031 805 2088 vis
825 2029 884 2088 vini
903 2026 1060 2107 spectanda
1085 2036 1138 2096 est,
1159 2025 1305 2100 quoddam

209 2127 285 2185 enim
294 2125 376 2186 facile
390 2126 567 2189 admixtione
580 2128 695 2198 desinit,
704 2129 783 2189 aliud
795 2130 910 2207 copiam
923 2129 1062 2208 maj0rem
1074 2127 1194 2201 liquoris
1204 2126 1303 2193 alieni,

212 2225 369 2285 substantia
381 2245 433 2286 sua
444 2215 545 2297 illesa,
559 2228 672 2304 recipit.
712 2229 837 2289 Mutatio
849 2230 972 2288 sormam
994 2228 1077 2296 tollit,
1092 2225 1207 2301 quaudo
1222 2226 1307 2285 verba

211 2323 321 2400 prolata
329 2343 446 2384 sensum
459 2344 519 2384 nun
530 2327 636 2384 habent
644 2327 766 2386 eundem
781 2347 812 2386 ac
826 2328 875 2388 illa
888 2328 991 2400 quibus
1004 2327 1096 2386 torma
1108 2333 1229 2384 constat.
1251 2325 1303 2384 Sic

213 2423 265 2496 qui
278 2422 410 2482 consultb
423 2423 550 2482 dicerete
574 2423 652 2483 ‘llic
664 2434 708 2482 est
720 2442 824 2502 corpus
837 2443 933 2484 meum
943 2425 961 2491 ς’
976 2421 1050 2482 nihil
1063 2425 1226 2491 conficeret,
1240 2424 1308 2496 quia

212 2540 317 2582 sensus
337 2521 467 2581 diversus
493 2523 611 2583 omnino
637 2531 682 2581 est
706 2543 723 2581 a
744 2522 853 2583 Christi
879 2523 989 2581 verbis:
1019 2529 1041 2558 ‘⁶
1049 2519 1118 2580 Hoc
1138 2531 1183 2580 est
1200 2539 1306 2599 corpus

212 2621 344 2681 meum.”
386 2622 507 2689 Quoties
521 2620 588 2680 verb
602 2640 705 2680 sensus
718 2623 829 2700 integer
837 2632 942 2690 manet,
951 2622 1102 2681 verborum
1113 2621 1232 2682 mutabo
1240 2622 1307 2681 sub·

211 2722 343 2780 stantiam
356 2738 414 2779 non
429 2721 526 2779 afficit.
554 2721 606 2779 Sic
616 2723 666 2794 qui
677 2721 802 2779 diceret:
825 2723 909 2800 ‘Ego
921 2721 987 2782 lavo
1000 2730 1028 2779 te
1042 2722 1072 2780 in
1085 2720 1203 2780 nomine
1212 2721 1305 2780 Patris

214 2820 439 2897 omnipotentis,
454 2830 483 2878 et
495 2820 564 2880 Filii
578 2821 640 2898 ejus
653 2820 672 2879 J
674 2839 724 2878 esu
740 2819 861 2889 Christi,
874 2829 903 2880 et
915 2820 1040 2897 Spiritus
1058 2819 1157 2880 Sancti
1166 2820 1186 2888 ;’
1207 2839 1308 2880 resera

212 2919 384 2995 baptizaret:
406 2919 451 2977 vel
473 2921 523 2992 qui
548 2919 691 2979 omitteret
716 2921 966 2997 conjunctionem:
990 2919 1073 2996 ‘Ego
1092 2921 1209 2997 baptizo
1227 2930 1256 2978 te
1275 2922 1307 2978 iu

214 3019 329 3078 nomine
341 3019 445 3087 Patris,
457 3019 535 3087 Filii,
546 3028 575 3077 et
584 3018 708 3096 Spiritus
719 3019 817 3077 Sancti
826 3019 844 3086 ;'
860 3018 1047 3079 nihilominus
1065 3019 1207 3077 conferret
1216 3037 1307 3078 sacra·

215 3127 354 3179 mentum.
397 3119 469 3186 Quae
483 3118 622 3197 contingit
634 3119 787 3177 verborum
800 3119 946 3195 corruptio
959 3117 1028 3176 vitio
1040 3116 1157 3193 lingua,
1170 3135 1229 3175 uon
1242 3135 1308 3176 ceu·

215 3227 291 3277 setur
304 3219 466 3277 substantia
479 3219 607 3288 mutatio,
622 3219 734 3292 quoties
747 3218 832 3278 verba
852 3237 890 3278 ex
903 3216 1050 3278 communi
1070 3216 1222 3277 hominum
1235 3217 1308 3276 asti·

216 3316 342 3375 mationa
362 3315 464 3374 eadem
486 3325 564 3384 suut,
577 3319 653 3386 licet,
674 3327 760 3394 prout
780 3327 893 3389 sonant,
914 3317 972 3376 sint
996 3315 1127 3376 diversa:
1149 3319 1308 3392 “quamvis

216 3413 327 3484 enim,”
340 3416 384 3474 uti
394 3414 594 3474 animadvertit
603 3415 635 3473 S.
646 3416 788 3484 Thomas,
802 3424 823 3454 ‘⁴
832 3416 998 3496 hujusmodi
1007 3418 1233 3495 verbacorrnpte
1243 3436 1309 3494 pro·

217 3516 283 3585 lata,
298 3515 371 3574 nihil
391 3514 556 3592 significent
568 3533 606 3574 ex
619 3516 720 3575 virtute
740 3516 947 3592 impositionis:
970 3516 1147 3593 accipiuntur
1164 3526 1260 3576 tamen
1279 3526 1328 3575 ut·

218 3615 408 3693 significantia
430 3633 468 3674 ex
488 3614 750 3676 accommodatione
772 3635 858 3675 usus:
881 3627 910 3675 et
927 3615 992 3675 ideo
1004 3616 1071 3676 licet
1085 3612 1208 3677 mutetur
1220 3633 1309 3676 sontis

218 3715 372 3784 sensibilis,
385 3724 514 3774 remanet
526 3724 621 3774 tamen
629 3715 706 3776 idem
717 3711 869 3775 sensus.''¹
889 3717 939 3775 Sic
949 3717 1221 3776 censuitZacharias
1232 3716 1311 3775 Pon·

219 3814 290 3873 tifex
302 3815 338 3874 de
351 3815 497 3874 sacerdote
519 3815 692 3875 balbutiente
713 3824 742 3874 et
761 3817 870 3894 ignaro,
891 3816 941 3891 qui
960 3817 1110 3876 consuevit
1128 3817 1167 3874 ita
1185 3815 1312 3893 prolerre

221 3913 355 3988 baptismi
367 3913 507 3975 sormam:
530 3923 550 3951 ‘⁴
559 3915 682 3994 Baptizo
696 3924 723 3975 te
736 3917 766 3975 in
779 3916 898 3977 nomina
909 3916 1015 3984 Patria,
1027 3923 1056 3974 et
1068 3915 1152 3985 Filia,
1163 3925 1193 3974 et
1202 3913 1312 3990 Spiritu

222 4005 376 4070 Sancum
415 4015 448 4074 Si
462 4014 571 4089 aliquid
584 4016 711 4094 ambigui
723 4035 827 4076 seusus
840 4016 1035 4076 immisceatur
1046 4014 1156 4081 formae,
1170 4031 1209 4070 ex
1222 4012 1313 4068 inteu-

222 4111 298 4170 tione
312 4111 480 4188 proferentis
493 4123 522 4174 et
534 4133 572 4174 ex
585 4115 727 4195 adjunctis
747 4114 961 4195 dijudicandum
981 4123 1035 4183 est,
1049 4122 1144 4172 utrum
1157 4110 1314 4168 substantia

221 4211 332 4292 mtegra
350 4223 472 4273 maneat
513 4215 565 4274 Sic
586 4217 612 4275 si
631 4235 670 4276 ex
689 4217 778 4276 animi
797 4215 948 4274 devotione
968 4212 1120 4273 Christum
1139 4208 1314 4288 Magistrum

222 4309 394 4390 designaret,
408 4313 507 4374 forma
518 4315 614 4376 verbis
632 4317 762 4383 retentis,
783 4333 843 4375 non
861 4321 984 4374 mutaret
1001 4308 1208 4370 substautiamz
1229 4327 1314 4372 secus

257 4545 301 4612 (1)
320 4544 355 4596 itt
366 4561 391 4612 p.
402 4561 444 4612 qu.
455 4547 489 4598 lm
500 4552 544 4598 art.
555 4546 596 4600 vti.
609 4545 647 4597 ad.
660 4547 685 4595 8.
801 4543 843 4611 (2)
863 4539 926 4608 Gap.
937 4540 1031 4594 uxxva
1042 4537 1072 4592 de
1082 4553 1186 4594 comem
1194 4537 1249 4590 dist
1259 4539 1284 4587 t.
