3108 5162
475 559 533 620 DE
554 559 733 620 OFFICIIS
754 559 1002 621 CONJUGUM.
1229 567 1288 623 309

197 739 313 781 causam
320 725 427 803 justam
441 727 547 800 absque
561 735 678 804 peccato
692 727 763 786 situs
775 737 908 796 mutatur,
918 745 1022 805 nempe
1036 728 1061 786 si
1073 729 1161 787 virsit
1173 728 1286 797 obesus,

180 823 349 897 'gravisque
363 828 453 893 annis,
468 826 513 884 vel
527 827 676 894 infirmus:
691 827 715 883 si
730 828 767 884 sit
780 825 937 902 periculum
952 828 1075 896 abortus,
1085 828 1131 886 vel
1143 829 1168 885 si
1178 827 1290 885 adstent

198 919 228 978 in
243 923 374 983 cubiculo
389 923 436 984 alii
445 943 516 998 quos
526 929 575 983 vix
588 925 644 984 nisi
656 935 762 983 mutato
772 927 827 985 situ
838 927 924 984 latere
934 929 1045 1002 possint
1057 927 1287 985 concumbentes.

201 1020 257 1078 “E
272 1040 409 1081 converso
429 1025 602 1083 conveniunt
614 1043 715 1082 omnes
727 1067 734 1083 .
746 1066 753 1082 .
767 1067 792 1082 ..
807 1025 924 1098 quodsi
944 1026 1120 1102 experientia
1137 1034 1288 1092 constaret,

167 1144 170 1149 ·
199 1119 276 1191 quod
290 1130 396 1180 mutato
415 1123 535 1181 naturali
555 1124 610 1181 situ
624 1124 695 1182 nibil
708 1125 827 1182 seminis
841 1125 948 1182 femina
967 1127 1101 1184 retineret
1113 1125 1150 1183 ob
1170 1125 1289 1182 nimiam

161 1217 165 1226 '
199 1220 275 1276 vasis
295 1221 453 1290 laxitatem,
468 1222 513 1281 vel
526 1221 734 1291 humiditatem,
750 1223 795 1280 vel
815 1233 931 1300 propter
954 1225 1078 1297 aliquam
1098 1223 1288 1281 infirmitatem

198 1319 366 1387 naturalem,
380 1330 412 1378 ut
424 1323 463 1379 ait
480 1322 596 1388 Palaus,
611 1330 677 1379 tune
697 1332 774 1379 esset
787 1323 924 1380 mortale:
938 1303 1027 1382 'secus
1041 1319 1107 1380 verb
1129 1321 1197 1379 dicit
1217 1321 1289 1379 San·

155 1427 158 1434 ’
199 1415 284 1485 chez,
298 1419 324 1474 si
346 1437 404 1477 non
428 1439 465 1477 ex
487 1421 543 1476 situ
569 1419 619 1477 sed
641 1437 679 1477 ex
705 1407 801 1493 aliquo
827 1423 928 1479 morbo
955 1422 1079 1480 mulieris
1106 1421 1169 1479 talis
1186 1419 1290 1479 effusio

200 1517 341 1590 provenit.
376 1517 408 1576 Si
424 1537 488 1595 pars
499 1521 619 1576 seminis
633 1518 752 1587 decidat,
767 1529 874 1577 retento
888 1520 964 1592 quod
974 1520 1148 1596 generationi
1158 1519 1289 1586 sufficiat,

200 1611 298 1688 plures
319 1635 384 1674 cum
405 1619 537 1677 Sanchez
557 1618 656 1676 dicunt
675 1637 731 1676 non
757 1637 822 1676 esse
848 1621 983 1677 mortale:
999 1619 1064 1692 quia
1084 1638 1135 1696 per
1156 1618 1289 1678 accidens

200 1715 339 1791 contingit
358 1727 389 1773 ut
409 1717 497 1776 veluti
516 1717 693 1794 superfluum
715 1737 731 1774 a
753 1718 870 1776 matrice
890 1720 1057 1794 expellatur,
1068 1719 1213 1795 praecipuo
1231 1719 1289 1777 line

202 1811 328 1871 obtento.
371 1815 440 1874 Non
467 1825 577 1874 tenetur
597 1816 787 1874 confessarius
810 1818 980 1894 interrogare
1006 1819 1191 1894 poenitentem
1216 1819 1288 1875 situs

200 1914 299 1970 rnutati
321 1932 353 1970 se
373 1926 564 1983 accusantem,
578 1927 671 1974 utrum
691 1934 791 1974 semen
811 1916 895 1974 fuerit
919 1917 1052 1985 effusum,
1068 1935 1156 1988 quum
1177 1916 1207 1974 id
1227 1934 1291 1974 raro
1373 1927 1376 1930 '

200 2011 315 2070 evenire
327 2012 445 2072 dicatur.
468 2015 530 2073 Eos
545 2034 611 2074 vero
622 2015 671 2088 qui
682 2017 904 2084 coeuntstando,
913 2017 958 2074 vel
967 2015 1103 2083 sedendo,
1113 2017 1158 2074 vel
1172 2015 1291 2073 muliere

202 2109 314 2179 incuba,
330 2122 397 2190 puto
411 2132 475 2172 esse
490 2115 520 2172 in
533 2115 634 2193 majori
648 2115 776 2191 periculo
790 2133 888 2173 semen
902 2107 1117 2174 effundendi.”1

242 2213 292 2268 68.
313 2211 346 2269 Si
366 2214 503 2291 conjuges
524 2215 647 2290 incoepta
667 2215 779 2290 copula,
800 2233 838 2271 ex
858 2200 955 2274 mutuo
975 2233 1117 2273 consensu
1140 2213 1291 2272 cohibeant

204 2310 424 2370 seminationem
445 2313 551 2385 absque
571 2312 720 2370 effusionis
741 2314 878 2387 periculo,
894 2333 945 2390 per
958 2333 989 2371 se
1003 2333 1060 2372 non
1080 2323 1125 2371 est
1143 2321 1289 2390 peccatum

204 2409 340 2466 mortale:
364 2410 441 2468 “illa
461 2412 536 2469 enim
557 2413 714 2490 penetratio
727 2413 803 2468 vasis
823 2411 949 2469 foeminei
964 2423 1029 2470 tunc
1048 2420 1192 2489 reputatur
1204 2411 1291 2468 instar

205 2513 295 2564 tactos
309 2510 505 2580 verendorum,
516 2513 564 2584 qui
578 2513 651 2569 inter
663 2512 800 2589 conjuges
814 2512 993 2587 permittitur,
1003 2511 1048 2568 vel
1061 2512 1161 2569 saltem
1175 2528 1233 2578 non
1246 2520 1291 2566 est

203 2608 341 2677 mortalis,
356 2609 467 2668 secluso
488 2610 615 2687 periculo
629 2611 813 2687 pollutionis:
834 2611 872 2667 ita
892 2613 1091 2670 communiter.
1108 2652 1116 2668 .
1133 2652 1140 2668 .
1157 2651 1164 2668 .
1180 2608 1251 2667 Dixi
1264 2607 1289 2667 1.

203 2703 238 2764 Si
251 2708 335 2766 ambo
348 2710 542 2778 consentiant:
564 2711 663 2768 namsi
674 2711 743 2770 alter
756 2729 787 2768 se
800 2710 924 2768 retrahat
937 2713 999 2769 sine
1010 2710 1123 2769 alterius
1137 2725 1289 2775 consensu,

201 2814 275 2864 certe
295 2810 418 2885 graviter
437 2818 546 2888 peceat,
560 2819 593 2870 ut
611 2809 709 2868 dicunt
727 2829 828 2876 ornnes
849 2821 978 2869 auctores
998 2810 1115 2888 praefati.
1157 2807 1228 2867 Dixi
1248 2808 1288 2868 ΙΙ.

200 2902 262 2962 Per
276 2923 307 2963 ee
320 2905 476 2984 loquendo,
491 2927 558 2968 nam
578 2910 722 2984 sapienter
745 2910 864 2975 advertit
883 2911 1015 2969 Sancbez
1030 2954 1037 2970 .
1054 2953 1061 2970 .
1079 2953 1086 2969 .
1100 2911 1130 2970 id
1150 2907 1290 2970 ordinarie

202 3021 266 3061 esse
281 3005 409 3074 mortale,
425 3008 492 3078 quia
504 3007 643 3066 ordinarie
657 3009 736 3067 adest
748 3009 904 3086 periculum
916 3028 953 3066 ex
962 3011 1008 3067 tali
1018 3012 1184 3068 retractione
1198 3009 1290 3068 effun-

203 3101 289 3161 dendi
300 3123 408 3173 semen,
424 3107 480 3164 nisi
492 3108 630 3185 conjuges
644 3110 754 3184 experti
767 3109 824 3166 sint
836 3110 998 3185 oppositum
1012 3127 1019 3164 :
1042 3126 1098 3179 quo
1111 3126 1178 3165 casu
1194 3117 1290 3166 tamen
1395 3153 1398 3158 .

201 3213 271 3278 puto
285 3204 363 3262 nullo
378 3206 464 3265 modo
477 3224 562 3282 posse
576 3226 625 3265 eos
640 3209 772 3278 excusari
784 3208 883 3265 saltem
897 3227 913 3264 a
933 3207 1047 3274 veniali,
1062 3203 1197 3279 quicquid
1216 3203 1291 3264 dicat

199 3301 334 3386 §anchez
348 3323 414 3363 cum
428 3305 525 3364 aliis.'’

241 3405 290 3460 69.
313 3413 333 3439 “
344 3403 378 3463 Si
388 3423 455 3463 vero
469 3404 585 3463 foemina
594 3407 655 3483 jam
667 3407 858 3474 seminaverit,
869 3406 915 3464 vel
924 3405 996 3464 sitin
1010 3404 1146 3482 probabili
1160 3403 1289 3482 periculo

200 3503 372 3571 seminandi,
388 3523 445 3563 non
460 3513 553 3581 potest
572 3505 687 3578 quidem
701 3508 744 3565 vir
757 3507 821 3564 data
834 3524 920 3581 opera
932 3525 949 3562 a
961 3505 1147 3563 seminatione
1160 3523 1192 3562 se
1205 3512 1290 3562 retra-

199 3598 278 3672 here,
293 3603 356 3662 sine
377 3604 456 3681 gravi
475 3604 570 3680 eulpa,
591 3606 658 3676 quia
677 3614 743 3664 tunc
764 3607 826 3680 ipse
846 3613 890 3661 est
910 3623 1004 3685 causa,
1018 3612 1050 3662 ut
1069 3622 1168 3662 semen
1189 3604 1287 3663 uxoris

201 3701 383 3781 prodigatur:
405 3704 445 3762 uti
459 3705 650 3763 communiter
663 3705 760 3763 dicunt
772 3705 804 3762 S.
818 3704 981 3768 Antoninus
996 3746 1003 3760 .
1020 3746 1027 3762 .
1044 3746 1052 3763 .
1067 3713 1096 3760 et
1107 3705 1156 3762 alii
1170 3705 1287 3782 passim.

202 3797 268 3858 Hoc
280 3811 373 3861 tamen
386 3821 443 3862 non
458 3803 510 3862 erit
523 3804 561 3861 ita
575 3805 729 3863 intrinsece
743 3803 860 3871 malum,
871 3813 901 3862 ut
910 3803 1004 3876 aliquo
1017 3822 1084 3862 casu
1096 3805 1220 3881 permitti
1230 3822 1289 3861 non

202 3901 303 3972 possit,
317 3910 385 3974 puta
397 3903 422 3958 si
436 3904 478 3960 vir
491 3902 641 3962 desisteret
654 3923 670 3961 a
683 3904 785 3979 copula
797 3904 834 3961 ob
847 3903 1003 3978 periculum
1024 3903 1134 3970 mortis,
1148 3902 1194 3959 vel
1208 3920 1290 3958 scan-

203 3990 259 4054 dali
273 3997 410 4066 aliorum:
432 4009 499 4057 tunc
512 4004 589 4061 enim
603 4002 679 4061 licite
693 4011 788 4078 potest
800 4020 831 4058 se
845 4001 1077 4059 retrahereetiam
1087 4018 1152 4058 cum
1162 3998 1289 4074 periculo

202 4094 378 4170 pollutionis,
389 4097 455 4169 quia
468 4099 529 4158 haec
543 4119 594 4178 per
606 4101 749 4168 accidens,
760 4111 789 4158 et
802 4109 903 4176 prreter
916 4099 1101 4156 intentionem
1115 4097 1250 4163 eveniret,
1261 4105 1290 4153 et

202 4205 366 4254 eontranon
377 4204 487 4256 tenetur
497 4217 561 4258 cum
576 4200 703 4276 periculo
712 4200 779 4258 tanti
789 4199 884 4257 damni
898 4197 1111 4275 generationem
1120 4213 1289 4273 procurare:

200 4291 241 4354 ite
253 4294 453 4356 communiter.
469 4337 476 4354 .
493 4338 501 4354 .
517 4339 524 4357 .
540 4297 613 4358 Haec
627 4308 693 4358 sunt
705 4309 781 4358 certa
794 4297 869 4376 apud
883 4286 1034 4356 omnes.”²

370 4516 414 4584 (ι)
433 4512 463 4566 ι.
475 4515 545 4568 vtn.
557 4518 615 4568 err.
880 4516 923 4582 (a)
942 4511 1121 4566 tannero.
