3144 5192
472 527 529 588 DE
552 525 728 587 CASUUM
750 525 1091 587 RESERVATIONE.
1264 531 1321 587 201

234 693 381 771 speciatim
394 693 423 753 id
443 693 636 754 declaraverit.
679 694 802 753 Peccata
820 693 856 751 dc
877 694 981 766 quibus
1002 693 1143 752 dubitatur
1162 703 1255 752 utrum
1275 691 1323 750 ad·

175 857 179 862 ,
235 794 324 854 missa
337 794 404 862 sint,
418 813 477 854 non
495 795 634 853 habentur
653 802 804 861 reservata,
829 794 898 866 quia
920 783 1052 870 restringi
1075 793 1162 852 debet
1183 791 1218 850 ad
1239 809 1323 849 casus

233 901 337 961 certos,
348 894 460 980 comsit
467 894 566 953 odiosa
578 892 750 952 reservatio:
765 891 843 951 idem
857 893 960 951 dicitur
972 894 1141 969 aplerisque
1152 892 1188 951 de
1198 892 1323 969 pe'ceatis

234 989 310 1051 certd
324 990 467 1062 admissis,
481 993 532 1052 sed
546 1009 609 1066 quoe
623 1010 681 1051 non
694 1001 805 1050 constat
817 1011 880 1050 esse
893 1002 1044 1050 reservata.
1067 991 1211 1051 Caeterum
1226 989 1323 1049 Glem-

232 1109 285 1150 eus
299 1091 383 1151 VIII.
395 1093 542 1168 prohibuit
554 1109 590 1150 ne
604 1091 797 1151 confessarius
811 1092 929 1165 quilibet
941 1092 1109 1159 absolveret,
1134 1092 1200 1150 “ab
1212 1091 1272 1149 nllo
1285 1107 1323 1149 ex

231 1191 344 1248 casibus
355 1192 430 1249 clare
444 1194 490 1252 vel
502 1192 586 1251 dubie
598 1193 627 1250 in
638 1191 716 1250 bulla
725 1191 754 1249 in
763 1209 846 1250 crena
855 1191 974 1250 Domini
983 1192 1039 1268 legi
1049 1191 1132 1249 solita
1141 1192 1280 1248 contentis
1291 1188 1322 1246 :”

232 1291 282 1362 qui
295 1298 389 1349 nmen
403 1292 480 1368 rigor
498 1300 597 1368 postea
620 1290 764 1366 mitigatus
787 1300 850 1348 est:
871 1299 900 1348 et
919 1291 1066 1367 percussio
1086 1290 1194 1357 clerici,
1209 1287 1323 1361 quando

232 1387 376 1448 dubitatur
389 1409 424 1448 an
438 1391 476 1448 sit
487 1390 593 1467 gravis,
608 1391 696 1466 Papae
709 1399 869 1447 reservatur
881 1389 998 1465 speciali
1008 1391 1081 1465 juris
1095 1383 1265 1447 sanctione.1

274 1491 341 1546 159.
363 1489 520 1548 Absolvere
534 1499 629 1566 potest
640 1509 657 1546 a
669 1490 820 1546 reservatis
834 1489 883 1560 qui
903 1507 937 1546 ea
957 1489 1119 1557 reservavit,
1134 1489 1180 1547 vel
1194 1489 1244 1561 qui
1257 1489 1321 1566 ejus

232 1586 329 1645 locum
343 1597 429 1656 tenet,
445 1589 490 1647 vel
504 1591 554 1661 qui
568 1589 673 1665 potiori
692 1589 797 1664 gaudet
819 1590 992 1646 auctoritate.
1036 1587 1084 1644 Sic
1097 1589 1261 1666 episcopus,
1276 1586 1323 1646 vel

232 1685 355 1745 vicarius
369 1685 509 1764 generalis
524 1688 647 1747 absolvit
666 1707 682 1744 a
695 1687 819 1764 peccatis
833 1686 868 1744 ab
882 1687 1024 1746 ordinario
1037 1687 1203 1745 reservatis:
1224 1687 1323 1746 Ponti·

231 1783 281 1843 lex
304 1804 455 1862 supremus
475 1795 571 1863 potest
590 1807 607 1844 a
628 1787 753 1862 peccatis
774 1805 836 1859 quae
862 1788 1016 1862 episcopus
1033 1788 1218 1844 reservaverit
1230 1787 1323 1844 absol·

231 1903 314 1943 vere:
337 1885 413 1958 quod
427 1894 521 1944 tamen
534 1905 592 1945 non
605 1885 683 1954 facit,
703 1886 761 1944 nisi
783 1886 980 1962 gravissimam
1005 1886 1042 1942 ob
1063 1904 1188 1944 causam.
1230 1885 1322 1942 Alteri

230 1993 325 2042 autem
339 2003 397 2051 non
411 1994 544 2044 censetur
557 1984 715 2044 concedere
727 1985 888 2043 facultatem
904 1984 1069 2043 absolvendi
1083 2005 1098 2042 a
1112 1984 1235 2061 peccatis
1248 1985 1323 2060 epis·

231 2101 304 2161 copo
326 2087 487 2153 reservatis,
511 2085 579 2143 licet
600 2085 700 2144 lecerit
720 2093 886 2161 potestatem
906 2083 1072 2142 absolvendi
1093 2085 1246 2161 apeccatis
1267 2083 1324 2160 ipsi

232 2182 367 2241 Pontifici
391 2186 560 2243 reservatis:
594 2193 768 2261 quapropter
799 2182 967 2242 dioecesanoe
987 2185 1194 2242 reservationes
1228 2183 1345 2268 quoad¹

230 2281 380 2340 saeculares
394 2283 429 2341 ab
441 2285 586 2352 omnibus,
600 2284 686 2341 etiam
701 2302 717 2340 a
730 2283 918 2360 regularibus,
932 2283 1080 2342 servandae
1093 2279 1185 2341 sunt.²
1203 2283 1322 2341 Archia·

230 2380 367 2458 piscopus
393 2381 434 2440 nil
460 2391 558 2458 potest
582 2383 613 2440 in
638 2391 840 2460 peccataque
861 2383 1016 2458 episcopus
1039 2381 1237 2458 suffraganeus
1267 2399 1321 2440 suo

231 2479 385 2540 servaverit
400 2481 524 2558 judicio.

272 2583 339 2638 160.
361 2577 517 2640 concessit
530 2579 683 2641 concilium
697 2578 901 2639 Tridentinnm
921 2579 1083 2638 facultatem
1096 2579 1240 2656 episcopis
1262 2587 1282 2616 “
1292 2579 1322 2640 in

229 2679 458 2753 quibuscumque
481 2681 596 2740 casibus
616 2680 747 2748 occultis,
769 2680 853 2737 etiam
875 2678 945 2739 Sedi
967 2679 1141 2756 Apostolicae
1161 2681 1321 2747 reservatis,

230 2776 429 2852 delinquentes
455 2798 653 2853 quoscumque
674 2780 729 2838 sibi
742 2777 880 2848 subditos,
895 2780 925 2838 in
939 2780 1055 2838 dioecesi
1067 2797 1119 2837 sua
1132 2798 1184 2856 per
1197 2780 1320 2856 seipsos,

229 2887 277 2934 aut
301 2878 457 2936 Vicarium'
476 2878 511 2937 ad
533 2879 567 2954 id
579 2879 741 2956 specialiter
766 2877 970 2954 deputandum,
997 2880 1027 2936 in
1053 2879 1114 2938 foro
1140 2879 1321 2940 conscientiae
1395 2861 1397 2866 ⁵

231 2976 318 3052 gratis
343 2977 502 3045 absolvere,
529 2977 668 3055 imposita
687 2977 853 3054 paenitentia
872 2973 1037 3036 saturari.”²
1076 2977 1323 3049 Quandocumque

230 3085 377 3147 nequeunt
396 3075 500 3136 subditi
522 3076 599 3135 adire
614 3077 734 3153 Papam,
755 3077 882 3154 legitimo
896 3076 1101 3150 impedimento
1116 3076 1233 3142 detenti,
1247 3076 1323 3151 epis·

230 3175 297 3250 copi
311 3192 348 3232 ex
359 3176 433 3252 juris
447 3177 594 3235 sanctione
608 3175 760 3234 absolvunt
772 3196 789 3233 a
801 3168 979 3233 reservatis.³

273 3277 340 3331 161.
362 3274 421 3342 Qui
441 3275 585 3334 absolutus
611 3283 657 3334 est
681 3295 697 3333 a
718 3277 868 3333 reservatis
888 3275 918 3332 in
944 3274 1043 3332 mortis
1063 3271 1237 3340 discrimine,
1262 3291 1322 3332 non

229 3381 340 3432 tenetur
351 3373 466 3443 deinde,
488 3376 513 3432 si
526 3375 711 3444 convaluerit,
733 3374 820 3433 adire·
830 3375 1023 3451 superiorem3
1045 3374 1112 3444 quia
1125 3373 1219 3430 omnis
1232 3390 1322 3431 reser-

228 3474 303 3532 vatio
318 3484 387 3533 tunc
400 3484 511 3544 cossat3
526 3493 610 3534 secus
623 3476 649 3534 si
662 3495 679 3533 a
692 3475 820 3534 censuris
833 3473 917 3532 fuerit
930 3473 1087 3540 absolutus,
1101 3472 1146 3530 hae
1159 3472 1236 3530 enim
1251 3490 1322 3531 non·

226 3573 283 3632 nisi
297 3592 331 3632 ea
344 3575 407 3652 lege
422 3575 568 3642 tolluntur,
589 3584 622 3633 ut
642 3575 789 3634 absolutus
809 3575 890 3632 sistat
914 3591 945 3631 se
966 3574 1106 3649 superiori
1128 3574 1163 3631 ad
1190 3571 1321 3631 mandata

227 3673 289 3751 ejus
303 3673 497 3753 suscipienda,
512 3675 537 3732 si
550 3674 737 3743 convaluerit,
747 3675 826 3747 quod
838 3674 863 3731 si
876 3673 1014 3741 omiserit,
1029 3674 1120 3731 ineas
1134 3672 1234 3731 iterum
1250 3673 1319 3731 inci·

228 3769 292 3829 det:
315 3783 487 3852 quapropter
506 3774 634 3842 interior,
656 3782 795 3851 presente
815 3775 962 3850 superiore
984 3774 1034 3846 qui
1058 3774 1149 3851 possit
1162 3774 1197 3830 ab
1210 3774 1252 3830 eis
1266 3771 1321 3830 sol·

202 3869 210 3886 ⁸
229 3887 306 3937 vere,
320 3874 419 3944 nequit
431 3875 517 3932 etiam
537 3875 567 3932 in
581 3874 681 3933 mortis
701 3874 819 3933 articulo
840 3874 1048 3934 absolutionem
1063 3893 1079 3930 a
1092 3873 1220 3930 censuris
1234 3869 1318 3927 dare:

229 3969 297 4041 quia
310 3978 355 4027 est
369 3972 453 4048 copia
466 3970 588 4032 adeundi
602 3965 785 4049 superioris.⁵

265 4143 308 4208 (l)
327 4142 429 4194 Extrav.
441 4144 563 4198 Perlectis.

263 4229 307 4295 (a)
327 4228 391 4278 Vide
404 4227 514 4278 clemen.
526 4229 559 4278 X.
571 4231 656 4284 Gonst
672 4233 794 4300 superna·
805 4237 830 4280 et
846 4245 912 4294 prop.
924 4229 958 4279 iii.
970 4229 1032 4278 inter
1051 4227 1177 4275 damnatas
1197 4227 1228 4275 ab
1244 4226 1316 4278 Alex.

231 4313 284 4364 vn.
295 4315 328 4364 30
340 4315 396 4364 Jan.
412 4317 485 4365 1659.
497 4321 521 4365 et
531 4332 599 4382 prop.
610 4318 652 4368 xii.
664 4320 726 4369 inter
737 4319 864 4370 damnatas
875 4317 905 4366 ab
916 4315 1001 4365 eodem
1013 4314 1046 4361 24
1058 4312 1125 4375 Sept.
1136 4313 1208 4361 1665.

264 4400 306 4467 (3)
326 4399 731 4467 Sessxxiv.cap.ri.deReiorm.
868 4401 911 4467 (t)
930 4398 1074 4464 Caprido
1086 4404 1147 4448 sent.
1158 4413 1251 4451 excom.

237 4494 240 4499 ·
263 4484 306 4552 (5)
325 4484 352 4536 S.
363 4483 439 4550 Alpb.
450 4486 467 4536 l.
478 4486 511 4537 ri.
521 4503 547 4538 u.
559 4489 617 4536 663.
