3172 5172
241 557 280 612 82
431 548 487 610 DE
509 547 800 610 BUOHARISTIA
820 550 1131 614 MINISTRANDA.

241 719 368 786 rationis,
394 716 470 775 sicut
490 715 595 776 dicitur
613 703 673 779 uon
698 716 810 787 videns,
836 719 887 792 qui
912 720 986 778 mele
1005 721 1100 779 videt:
1123 731 1152 780 et
1171 724 1238 796 quia
1260 724 1330 782 tales

242 826 364 896 possunt
377 817 502 889 aliquam
515 816 695 876 devotionem
703 817 791 895 hujus
801 819 969 878 sacramenti
982 821 1146 898 concipere,
1160 840 1219 882 non
1232 824 1333 882 osteis

241 920 297 978 hoc
323 926 531 976 sacramentum
558 915 767 994 denegandum.
808 917 875 976 Alio
899 918 986 978 modo
1011 919 1143 980 dicuntur
1163 921 1252 996 aliqui
1273 940 1331 982 non

240 1018 344 1078 habere
354 1016 476 1076 totaliter
483 1035 565 1076 usum
579 1017 705 1076 rationis.
746 1016 806 1075 Aut
818 1017 903 1094 igitur
912 1037 1068 1092 numquam
1078 1019 1238 1080 habuerunt
1247 1039 1333 1081 usum

240 1119 368 1186 rationis,
381 1115 431 1175 sed
440 1117 482 1174 sic
493 1135 508 1172 a
521 1116 664 1174 nativitate
678 1126 912 1194 permanserunt:
935 1127 964 1176 et
976 1119 1019 1177 sic
1029 1118 1133 1178 talibus
1147 1139 1205 1179 non
1219 1131 1263 1178 est
1274 1120 1331 1179 hoc

241 1226 448 1276 sacramentum
470 1214 682 1274 exhibendum:
704 1217 771 1288 quia
783 1217 813 1275 iu
827 1218 869 1275 eis
884 1218 963 1277 nullo
977 1218 1064 1278 modo
1078 1221 1224 1296 precessit
1242 1220 1330 1297 hujus

242 1315 411 1376 sacramenti
432 1314 555 1374 devotio.
598 1319 656 1374 Aut
676 1335 734 1374 non
757 1334 872 1392 semper
891 1327 1040 1377 caruerunt
1061 1337 1115 1377 usu
1140 1320 1275 1378 rationis:
1303 1329 1333 1378 et

242 1427 310 1475 tunc
330 1416 355 1472 si
377 1415 468 1493 prius,
484 1413 597 1486 quando
620 1424 701 1474 erant
720 1424 867 1492 compotes
888 1435 947 1475 suae
966 1418 1081 1484 mentis,
1098 1420 1229 1495 apparuit
1241 1419 1271 1476 in
1290 1419 1332 1476 eis

244 1515 358 1575 devotio
371 1515 458 1593 hujus
472 1514 652 1583 sacramenti,
668 1514 751 1576 debet
764 1516 806 1573 eis
820 1516 851 1573 in
865 1515 982 1576 articulo
996 1519 1096 1576 mortis
1105 1517 1161 1576 hoc
1175 1535 1333 1576 sacramen·

242 1625 302 1674 tum
311 1613 440 1674 exhiberi
453 1634 460 1671 ε
482 1613 539 1672 nisi
552 1614 623 1672 sorte
631 1615 763 1673 timeatur
775 1614 933 1692 periculum
943 1617 1079 1686 vomitus,
1090 1617 1137 1674 vel
1147 1617 1331 1694 expuitionis.

240 1715 326 1774 Unde
339 1716 369 1772 in
390 1713 511 1774 concilio
533 1711 753 1790 Carthaginensi
766 1714 878 1791 legitur,
894 1713 936 1795 (et
947 1716 1066 1775 habetur
1079 1718 1109 1775 in
1124 1716 1266 1775 Decretal.
1280 1720 1331 1775 26.

239 1833 288 1888 qu.
313 1811 357 1892 2.)
400 1814 449 1892 ‘ls
470 1814 519 1886 qul
539 1813 732 1889 penitentiam
752 1814 781 1872 in
803 1813 966 1874 infirmitate
987 1817 1066 1893 petit,
1081 1817 1107 1874 si
1120 1835 1199 1885 casu,
1213 1815 1281 1875 dum
1296 1815 1332 1874 ad

238 1932 305 1972 eum
324 1912 457 1972 sacerdos
477 1911 715 1996 invitatus'venit,
738 1931 895 1991 oppressus
909 1914 1070 1974 infirmitate
1090 1916 1271 1983 obmutuerit,
1285 1914 1332 1972 vel

237 2015 268 2072 in
284 2013 457 2090 phraeuesim
468 2029 623 2092 conversus
633 2011 726 2079 luerit,
741 2012 809 2072 dent
822 2014 1014 2072 testimonium
1029 2014 1079 2087 qui
1088 2033 1154 2072 eum
1169 2014 1330 2081 andierunt,

240 2121 269 2170 ct
282 2113 403 2189 accipiat
423 2111 637 2188 poenitentiam:
658 2120 687 2169 et
709 2111 735 2168 si
754 2109 889 2171 continud
912 2113 1036 2172 creditur
1055 2114 1218 2182 moriturus,
1232 2130 1331 2172 recon-

240 2211 520 2288 cilieturpermenus
529 2209 753 2288 impositionem,
763 2211 1016 2272 etinsundaturori
1025 2213 1088 2290 ejus
1102 2204 1333 2272 Eucharistia.”¹

240 2311 273 2369 Si
286 2320 380 2369 autem
401 2319 512 2370 constet
524 2310 555 2370 in
576 2311 728 2370 amentiam
749 2311 886 2371 incidisse
907 2311 1053 2372 hominem
1067 2313 1181 2389 penitus
1202 2313 1331 2390 impoeui·

239 2421 355 2480 tentem,
370 2429 428 2470 non
441 2411 494 2469 erit
506 2410 534 2466 ei
548 2409 656 2470 denda:
677 2410 730 2470 sed
742 2430 778 2470 ne
792 2410 908 2486 quidem
922 2412 984 2471 aliis
993 2413 1042 2486 qui
1057 2413 1106 2488 pic
1119 2413 1263 2482 vixerunt,
1274 2410 1331 2473 uisi

240 2512 270 2570 in
296 2512 395 2570 mortis
422 2508 549 2568 articulo.
600 2511 778 2568 Semi-fatuis
805 2521 900 2570 autem
925 2510 985 2568 dari
1010 2520 1105 2588 potest
1129 2512 1158 2568 in
1184 2512 1330 2589 paschate.

239 2611 317 2670 Muti
331 2619 360 2668 et
372 2609 449 2668 surdi
461 2617 594 2686 poterunt
607 2627 669 2667 cam
682 2609 808 2684 recipere
822 2611 939 2687 sepius,
953 2609 978 2665 si
991 2617 1103 2667 constet
1118 2627 1154 2666 ex
1174 2611 1264 2687 signis
1278 2629 1329 2669 eos

238 2709 392 2781 aliqualem
406 2709 469 2786 ejus
489 2706 689 2766 discretionem
703 2707 816 2766 habere.
858 2707 994 2767 Obsessis
1008 2728 1025 2766 a
1044 2706 1186 2777 demone,
1201 2709 1331 2782 quisunt

239 2809 284 2868 sui
296 2816 455 2884 compotes,
470 2815 499 2864 et
517 2806 586 2865 alias
606 2805 738 2865 videntur
750 2808 892 2885 dispositi,
907 2807 1010 2885 poterit
1022 2806 1128 2883 saepius
1143 2808 1264 2886 praeberi
1277 2827 1330 2887 pro

240 2907 406 2968 confessarii
419 2898 559 2966 obliso?
685 2890 693 2903 ’

307 3116 349 3186 (l)
367 3113 401 3168 iti.
411 3112 565 3180 p.qu.lxxx.
576 3111 661 3164 amir.
696 3110 771 3180 Resp-
907 3113 951 3178 (2)
971 3111 998 3161 S.
1012 3110 1086 3177 Alph.
1098 3111 1114 3161 l.
1125 3111 1156 3164 vi
1168 3113 1260 3164 nete.
