3144 5192
455 1235 458 1240 ”
544 1254 906 1332 APPuNurx
958 1257 1018 1332 m.

637 1515 942 1526 .........-.—.—-

489 1697 703 1762 OANONES
741 1699 1071 1764 POENITENTIAE.

238 1892 352 1936 PLAGE'I'
364 1893 549 1936 an‘romuus
563 1895 723 1938 suuucnnn
731 1897 871 1940 CANONES
878 1897 1083 1944 POENrruumr
1093 1899 1165 1944 oum
1178 1901 1210 1944 IN
1223 1901 1328 1944 EOGLE-

312 1980 360 2021 sm
374 1979 532 2029 VlGENTIlS,
545 1980 585 2022 ΠΤ
598 1981 671 2023 ῙΝΒΕ
685 1983 810 2025 sumum·
822 1984 1017 2028 occufflonnru
1035 1985 1255 2028 POENITENTIUM
1397 1961 1400 1966 Ι

409 2065 543 2108 STUDIUM
555 2066 760 2117 ACCENDENDI,
773 2067 813 2109 ΠΤ
827 2068 901 2111 SUAS
914 2069 1016 2112 LUAN'l'
1034 2070 1154 2112 CULPAS.

518 2405 720 2466 CANONES
750 2406 1047 2467 POENlTENTIAE

240 2603 411 2682 Spectantes
419 2609 543 2684 peccata
552 2602 799 2682 eontrapre'mum
808 2601 957 2682 Deculogi
961 2611 1144 2683 praeceptum
1155 2608 1325 2670 commisce.

275 2771 333 2838 Qui
347 2792 363 2830 a
375 2771 431 2830 fide
446 2770 597 2830 Catholica
604 2771 779 2838 desciscens,
794 2771 895 2830 intimo
904 2789 1075 2846 summoque
1086 2775 1325 2849 praevaricationis

236 2889 294 2928 suae
308 2870 407 2930 dolore
428 2871 546 2928 affectus
560 2869 596 2929 ad
609 2871 773 2929 Ecclesiam
793 2869 918 2939 redierit,
940 2872 1137 2948 poenitentiam
1157 2884 1222 2952 aget
1242 2878 1329 2936 annis‘

237 2967 346 3028 decem.

277 3068 335 3135 Qui
348 3085 428 3127 more
438 3068 585 3145 gentilium
594 3069 737 3130 elementa
747 3068 881 3137 coluerim
904 3068 952 3140 qui
961 3067 1007 3126 vel
1019 3069 1162 3146 segetibus
1177 3071 1324 3142 faciendis,

235 3167 282 3225 vel
294 3166 402 3226 edibus
416 3167 592 3238 extruendis,
606 3169 653 3228 vel
666 3169 813 3242 arboribus
827 3166 966 3235 serendis,
981 3167 1026 3224 vel
1039 3167 1145 3244 nuptiis
1159 3170 1325 3230 contrahen·

235 3265 291 3334 dis,
304 3268 420 3326 inanem
434 3267 580 3344 signorum
589 3268 729 3328 fallaciam
737 3267 937 3335 observaverit,
950 3266 1148 3343 penitentiam·
1158 3279 1223 3346 aget
1234 3289 1323 3332 annos

237 3364 309 3425 duos
324 3367 401 3426 feriis
414 3367 560 3444 legitimis.
1340 3433 1343 3448 ,

272 3463 375 3526 Nota:
389 3466 481 3526 Feriae
489 3465 634 3544 legitime,
643 3473 716 3526 runt
728 3463 870 3532 secunda,
883 3470 1003 3543 quartu,
1015 3471 1043 3523 et
1056 3472 1151 3534 recta,
1165 3465 1323 3529 aaronem
1395 3459 1397 3462 ’

233 3564 352 3645 legibue
360 3564 547 3646 peanitentiae
551 3565 732 3647 jejunioque
744 3565 779 3626 e‘n
786 3581 868 3645 pane
882 3571 911 3624 et
923 3581 1004 3643 aqua
1017 3571 1204 3626 consecratae.

273 3667 332 3734 Qui
342 3667 466 3745 auguriis
474 3655 735 3726 et'divinationibus
743 3664 882 3732 servierit,
893 3666 979 3738 quive
987 3665 1192 3727 incantationes
1206 3665 1325 3728 diaboli·

234 3784 282 3823 cae
295 3767 403 3836 lecerit,
417 3767 559 3844 poenitcns
573 3767 627 3824 erit
638 3783 728 3824 annos
742 3772 863 3841 septem.

274 3864 381 3924 Mulier
389 3866 558 3924 incantatrix
572 3865 766 3942 poenitentiam
779 3871 845 3942 aget
857 3881 974 3924 annum.

275 3960 333 4028 Qui
341 3961 443 4020 herbas
453 3964 638 4024 medicinales
647 3983 713 4024 cum
720 3963 955 4024 incantationibus
963 3961 1117 4040 collegerit,
1127 3962 1322 4040 poenitentiam

235 4058 373 4139 agetdice
387 4063 497 4140 viginti.
1027 4071 1031 4104 ⁸

274 4159 333 4228 Qui
346 4178 446 4238 magos
460 4161 643 4234 consuluerit,
654 4163 740 4236 quive
753 4162 873 4222 domum
882 4177 964 4219 ruam
976 4157 1258 4232 conduxeritaliquid
1266 4169 1323 4220 arte

233 4261 344 4340 magica
356 4259 526 4334 exquirendi
539 4279 634 4330 cauea,
647 4262 678 4321 in
690 4261 856 4340 prenitentia
868 4260 921 4319 erit
933 4275 1025 4318 annos
1038 4258 1174 4331 quinque.

273 4359 332 4428 Qui
344 4360 422 4419 redes
435 4359 555 4437 magicis
574 4361 750 4420 cautionibus
770 4361 880 4428 lustrat,
895 4355 1007 4417 aliudve
1021 4356 1074 4416 tale
1088 4355 1261 4426 admittitcet
1274 4362 1323 4434 qui

233 4457 259 4516 ei
272 4461 424 4529 consentit,
439 4460 525 4535 quive
539 4461 671 4531 consulit,
686 4462 716 4521 in
729 4458 896 4537 poenitentia
908 4458 963 4516 erit
976 4474 1066 4518 annos
1080 4457 1218 4534 quinque.
