3108 5162
403 545 460 605 DE
481 493 800 604 IMPED'IMENTIS
820 543 1094 606 MATRIMONII.
1233 549 1292 605 357

205 708 291 770 eit.'’¹
331 712 396 771 Alia
404 722 454 770 -est
465 713 632 790 impotentia
653 709 792 771 absoluto
812 713 903 786 qualis
926 721 971 771 est
991 712 1053 791 ejus
1076 711 1124 785 qui
1137 731 1202 773 cum
1215 711 1294 772 nulla

204 811 282 870 coir'e
304 813 397 888 possit
416 812 502 871 modo
524 812 699 890 generationi
720 821 797 888 apto,
819 812 860 869 uti
882 813 1021 888 contingit
1042 812 1153 871 homini
1173 821 1293 886 utroque

206 913 337 970 testiculo
363 913 480 980 carenti,
506 913 553 971 rel
585 921 736 984 utmmqne
762 911 877 969 habenti
896 923 1068 970 contusum:
1103 912 1158 970 alia
1190 911 1293 970 dicitur

205 1008 342 1079 relativo,
356 1029 420 1084 qum
434 1021 478 1069 est
490 1012 658 1088 impotentia
677 1011 802 1069 coeundi
815 1031 881 1070 cum
895 1011 1028 1085 quadam,
1043 1029 1106 1085 quae
1126 1031 1163 1070 ex
1177 1011 1293 1070 diversa

205 1127 306 1168 vasum
321 1112 514 1188 magnitudine
528 1112 696 1189 plerumque
710 1111 806 1169 oritur.
827 1111 892 1168 Alia
904 1121 948 1169 est
956 1118 1102 1189 perpetua
1116 1129 1179 1185 quae
1193 1112 1294 1185 nequit

206 1210 267 1267 tolli
281 1211 390 1282 absque
403 1211 551 1279 miraculo,
574 1212 620 1269 vel
643 1218 769 1286 peccato,
791 1211 837 1269 vel
858 1211 921 1268 vitae
942 1212 1021 1288 gravi
1036 1210 1217 1268 discrimine:
1239 1211 1295 1268 alia

205 1307 246 1365 od
258 1316 376 1387 tempus
399 1309 489 1378 durat,
512 1311 605 1383 qualis
625 1320 668 1368 est
685 1311 844 1386 juniorum,
860 1312 905 1368 vel
925 1311 1024 1369 morbo
1038 1309 1160 1382 quodam
1174 1309 1295 1387 impedi·

205 1415 308 1465 torum.
350 1408 416 1466 Alia
435 1410 576 1467 antecedit
601 1410 823 1477 matrimonium,
850 1410 942 1482 qualis
965 1419 1009 1467 est
1034 1410 1229 1468 eunuchorum
1256 1428 1294 1467 ex

204 1506 300 1563 matris
314 1515 413 1566 utero:
436 1507 490 1565 alia
503 1509 692 1580 subsequitur,
715 1508 806 1581 qualis
826 1517 870 1566 est
889 1528 987 1567 eorum
1008 1509 1057 1580 qui
1081 1510 1115 1566 ab
1129 1508 1293 1566 hominibus

204 1607 310 1664 exsecti
326 1617 392 1666 sunt
405 1609 649 1685 post,conjugium
660 1607 694 1665 ad
710 1606 900 1666 ulciscendam
916 1609 1061 1685 injuriam,
1075 1609 1120 1665 vel
1134 1608 1236 1681 quibus
1246 1608 1293 1666 lue

204 1723 326 1764 venerea
346 1716 375 1764 et
395 1709 456 1765 tabe
473 1708 565 1765 virilia
584 1725 685 1784 peresa
705 1717 780 1765 sunt.
822 1707 871 1765 Ex
891 1717 995 1766 naturae
1016 1708 1102 1784 igitur
1120 1707 1293 1776 conditione,

206 1804 316 1874 morbo,
331 1808 359 1864 vi
373 1795 458 1874 illata,
481 1815 510 1864 et
529 1825 596 1865 casu
616 1807 748 1865 homines
770 1807 884 1880 quidam
906 1807 1076 1883 impotentes
1097 1816 1178 1864 sunt:
1201 1806 1294 1865 sed'et

205 1903 286 1961 malis
301 1905 479 1976 quorundam
494 1907 608 1974 artibus,
630 1905 805 1965 daemontaca
818 1907 956 1965 utentium
970 1925 1067 1983 opera,
1083 1906 1294 1984 adscripserunt

203 2011 312 2062 veteres
327 2025 390 2064 eam
404 2025 554 2082 corporum
570 2005 773 2064 conditionem.

241 2107 311 2162 201.
334 2106 512 2164 Maleficium
532 2105 587 2164 hac
606 2106 637 2163 in
656 2125 686 2163 re
707 2105 810 2181 dicitur
833 2123 877 2162 ars
898 2103 1072 2164 demoniaca
1092 2124 1148 2178 qua
1161 2105 1293 2164 homines

204 2203 253 2275 qni
267 2213 366 2262 natura
376 2215 443 2262 sunt
455 2224 573 2280 capaces
584 2205 686 2274 coitus,
698 2207 870 2282 impotentes
881 2205 962 2272 liunt,
974 2203 1044 2262 adeo
1054 2214 1088 2263 ut
1099 2205 1175 2263 coire
1188 2223 1294 2276 neque-

202 2309 267 2359 ant:
297 2302 375 2375 quod
401 2303 564 2381 contingere
597 2314 730 2363 censetur
755 2305 800 2362 vel
828 2302 921 2377 quoad
947 2303 1096 2377 quasdam,
1127 2304 1172 2361 vel
1199 2303 1294 2377 quoad

203 2419 316 2460 omnes.
359 2402 481 2461 irrident
502 2402 630 2480 plerique
660 2404 733 2462 hanc
763 2404 924 2462 daemonum
947 2411 1124 2479 potestatem,
1158 2404 1234 2460 sicut
1265 2411 1295 2460 et

205 2501 289 2561 olim.
333 2501 488 2569 “Quidam
508 2505 650 2572 dixerunt,
672 2503 749 2577 quod
769 2503 941 2562 maleficium
956 2502 1028 2561 nihil
1048 2511 1109 2559 erat
1127 2502 1156 2559 in
1176 2501 1295 2570 mundo,

202 2601 259 2659 nisi
272 2601 300 2658 in
315 2603 503 2662 estimatione
516 2604 675 2672 hominum,
690 2605 739 2676 qui
754 2604 871 2662 effectus
886 2603 1037 2670 naturales,
1058 2621 1180 2675 quorum
1201 2621 1292 2660 causae

202 2711 268 2758 sunt
280 2702 410 2770 occultae,
424 2703 574 2761 maleficiis
587 2704 773 2779 imputabant.
808 2703 868 2760 Sed
880 2702 937 2760 hoc
950 2711 993 2759 est
1005 2710 1102 2760 contra
1115 2703 1293 2760 auctoritates

202 2809 380 2861 sanctorum:
411 2803 460 2874 qni
485 2801 585 2860 dicunt
612 2801 689 2874 quod
715 2802 861 2860 daemones
882 2801 986 2859 habent
1012 2809 1180 2877 potestatem
1207 2819 1294 2877 snpra

201 2916 332 2975 corpora,
356 2908 384 2958 et
405 2919 491 2978 supra
512 2901 743 2976 imaginationem
763 2901 922 2968 hominum,
944 2899 1058 2972 quando
1072 2921 1088 2958 a
1101 2900 1166 2959 Deo
1179 2902 1294 2977 permit-

202 3007 315 3057 tuntur:
336 2999 412 3058 unde
427 3019 542 3077 percos
556 3000 678 3058 malefici
693 3001 786 3073 aliqua
801 3001 883 3077 signa
896 2999 987 3056 lacere
1001 3009 1130 3075 possunt.
1159 2998 1294 3084 Procedit

218 3105 297 3157 utem
312 3098 372 3158 haec
392 3101 491 3176 opinio
512 3119 550 3158 ex
573 3099 667 3157 radice
689 3100 874 3167 infidelitatis,
896 3087 956 3154 sive
983 3097 1204 3164 incredulitatis;
1226 3099 1292 3170 quia

201 3215 259 3256 non
274 3197 394 3258 credunt
406 3219 471 3258 esse
484 3199 641 3267 demones,
655 3200 710 3258 nisi
723 3201 753 3258 in
766 3199 952 3258 estimatione
966 3196 1045 3274 vulgi
1058 3188 1217 3254 tantum.”²
1244 3195 1293 3253 Ex

200 3295 348 3376 maleficio
372 3301 541 3375 impotentia
563 3300 715 3376 provenire
736 3308 875 3367 censetur,
897 3295 1010 3370 quando
1031 3297 1199 3374 “conjuges
1214 3296 1292 3353 exci-

203 3405 295 3455 tantur
308 3397 342 3455 ad
356 3399 489 3476 copulam
502 3417 567 3456 cum
580 3399 652 3467 aliis,
668 3407 696 3456 et
708 3400 781 3457 inter
793 3417 823 3455 se
838 3397 1001 3474 frigescunt,
1016 3396 1062 3453 rel
1075 3415 1091 3453 a
1104 3396 1179 3454 coitu
1193 3396 1293 3453 abhor-

201 3504 274 3563 rent,
301 3495 374 3576 (esto
394 3497 467 3556 alite
489 3517 520 3556 se
541 3495 681 3576 diligant)
703 3508 769 3556 tunc
789 3499 814 3555 si
838 3496 1010 3554 maleficium
1033 3497 1134 3568 nequit
1147 3495 1206 3553 tolli
1219 3495 1291 3552 intra

203 3578 358 3654 triennium
374 3596 500 3655 remedio
514 3597 650 3664 humano,
672 3616 725 3656 nec
738 3598 924 3664 orationibus,
940 3605 987 3653 aut
1007 3596 1186 3664 exorcismis,
1201 3595 1294 3670 impo-

201 3694 288 3754 tentia
301 3706 435 3755 censetur
445 3704 594 3774 perpetua,
609 3707 637 3755 et
650 3697 758 3755 dirimit
770 3689 1030 3755 matrimonium.”³
1066 3687 1071 3704 ⁸

238 3799 313 3853 202.
336 3797 400 3855 “Si
413 3798 584 3874 impotentia
603 3797 734 3872 provenit
755 3815 791 3854 ex
801 3795 995 3877 frigiditate,
1017 3803 1083 3855 tunc
1098 3793 1211 3868 quando
1226 3813 1292 3852 con·

197 3894 283 3971 juges
296 3893 333 3950 ob
346 3893 419 3954 hano
432 3915 547 3954 causam
561 3897 678 3954 omnino
691 3895 828 3973 perficere
843 3905 989 3968 nequeunt
1001 3895 1133 3970 copulam
1147 3901 1241 3966 aptam
1255 3891 1291 3949 ad

200 3993 427 4069 generationem,
441 4003 507 4072 post
519 3997 725 4072 experientiam
739 3996 863 4062 triennii,
884 3994 994 4051 nullum
1014 4001 1057 4049 est
1070 3990 1290 4049 matrimonium.

202 4090 284 4150 Idem
299 4092 454 4169 procedere
468 4096 702 4153 communissima
725 4094 804 4151 aiunt
824 4092 954 4165 doctores
977 4090 1002 4147 si
1015 4092 1051 4148 ob
1065 4089 1181 4147 nimiam
1196 4088 1293 4146 calidi·

198 4198 284 4250 tatem
298 4193 341 4250 vir
360 4211 475 4270 semper
494 4196 618 4253 seminet
637 4203 717 4252 extra
736 4211 797 4261 vas,
819 4200 969 4264 antequam
984 4191 1077 4264 possit
1089 4186 1290 4266 penetrare.”⁴

234 4417 278 4483 (1)
298 4417 670 4482 Suppl.iii.p.qu.lviii.art.i.
705 4417 780 4486 Κεφ.
894 4410 1147 4481 (t)1bi‹tem,ntit
1181 4409 1256 4479 Κεφ.

236 4502 278 4568 (3)
299 4501 512 4568 sulpeum.
526 4504 599 4554 lost.
664 4503 667 4514 '
897 4500 940 4566 (t)
959 4497 1061 4549 Ibidem.
