3124 5168
486 523 543 582 DE
564 521 831 583 ITERATlONE
852 521 1062 582 BAP'I’ISMI.
1279 531 1315 586 bl

176 699 181 704 “
226 691 365 752 infantem
378 698 409 748 ut
417 689 589 768 baptizatum
600 689 775 759 habendum,
785 709 818 748 ac
828 690 1014 767 nebaptisnro
1023 688 1140 765 quidem
1149 691 1319 752 initiandum

228 791 284 868 snb
303 781 518 848 conditione.”¹
558 789 616 856 Qui
630 788 709 849 domi
720 790 856 866 baptizati
869 796 935 848 aunt
947 789 982 846 ab
995 789 1193 849 obstetricibus
1207 791 1316 860 aliisve,

227 892 331 948 iterum
344 884 524 966 baptizantur
534 889 587 950 cub
601 888 774 957 conditione,
784 890 807 947 ai
822 898 931 948 certum
941 905 1000 946 non
1009 888 1113 948 feratur
1123 891 1319 950 testimonium

228 988 264 1046 de
282 1005 313 1045 re
333 988 385 1045 rite
406 998 535 1063 peracta:
564 1005 630 1048 nam
651 987 788 1046 certitudo
802 989 946 1062 quaeritur,
965 987 1015 1045 ubi
1037 987 1114 1046 salus
1135 988 1316 1065 periclitatur.

230 1086 377 1144 Ceterum
402 1085 512 1145 haerent
537 1086 689 1158 aliquando
712 1087 762 1160 qui
783 1087 973 1164 baptizarunt,
999 1086 1096 1162 potius
1118 1105 1156 1145 ex
1178 1086 1319 1146 desiderio

230 1185 383 1244 ministerii
403 1184 597 1253 sacerdotalis,
619 1204 704 1260 quarn
725 1203 763 1242 ex
783 1185 956 1244 dubitatione
977 1202 1061 1242 vera:
1084 1193 1258 1264 quapropter
1276 1188 1320 1245 in·

229 1283 392 1360 terrogandi
412 1293 478 1343 sunt
497 1283 666 1362 diligentem
700 1302 754 1341 nec
775 1286 852 1344 enim
877 1284 946 1341 licet
970 1291 1086 1352 temere,
1107 1292 1137 1342 et
1160 1285 1318 1344 securitatis

227 1391 378 1460 pretextu,
399 1383 573 1460 baptismum
593 1386 646 1459 sub
667 1382 831 1442 conditione
848 1384 959 1450 iterare,
980 1391 1065 1458 prout
1083 1383 1207 1444 ostendit
1227 1384 1320 1444 Bene-

228 1482 320 1540 dictus
331 1482 415 1541 XIV.
427 1503 435 1538 :
451 1490 470 1517 “
479 1482 530 1541 scd
540 1491 606 1541 tunc
615 1483 709 1541 solum
718 1483 799 1540 eauti
807 1482 911 1550 licebit,
922 1498 988 1540 cum
996 1480 1121 1558 prudens
1129 1492 1158 1541 at
1166 1483 1320 1560 probabilia

227 1582 326 1640 subest
343 1581 492 1652 dubitatio,
511 1600 547 1640 an
569 1581 634 1657 quis
655 1581 741 1640 fuerit
761 1581 930 1658 baptizatus,
959 1597 1013 1638 nec
1021 1579 1151 1659 diligenti
1171 1584 1320 1660 promisee

230 1677 374 1758 indagine,
392 1682 485 1758 potuit
504 1681 544 1740 rei
568 1683 671 1740 veritae
698 1681 886 1749 innotescere,
907 1679 1148 1753 quemadmodum
1167 1683 1236 1740 scite
1256 1701 1320 1760 per-

230 1780 329 1855 pendit
347 1781 446 1849 Sotus,
466 1780 501 1840 in
521 1784 540 1837 4
561 1779 633 1840 diat.
655 1785 683 1838 3.
703 1799 768 1858 puae
785 1787 829 1840 eat
847 1779 930 1848 unic,
952 1785 1010 1838 ort.
1032 1782 1062 1837 9.
1083 1781 1111 1854 §.
1134 1779 1223 1840 Circa
1243 1779 1320 1840 donc

228 1879 457 1948 adnotationem,
474 1881 554 1938 ubia
573 1879 723 1958 sacrilegio
736 1899 794 1939 non
815 1887 942 1947 excusat,
957 1895 1051 1950 neque
1065 1879 1099 1936 ab
1115 1879 1318 1955 irregularitate

229 1978 347 2038 absolvit
366 1978 541 2037 sacerdotem
560 1980 614 2038 sub
633 1979 798 2039 conditione
818 1980 1052 2058 rebaptizantern,
1066 1997 1152 2052 quem
1166 1979 1221 2036 ecit
1239 1977 1317 2037 domi

227 2077 412 2154 baptizatum,
433 2087 462 2137 et
481 2078 553 2138 nihil
573 2088 616 2138 est
642 2078 719 2153 quod
741 2079 875 2140 collatum
894 2081 921 2138 ei
947 2076 1088 2155 baptisma
1113 2074 1317 2139 rationabiliter

226 2187 393 2255 suspectum
408 2177 538 2237 reddat.”

265 2382 307 2447 (l)
327 2380 364 2430 Ita
375 2398 390 2430 a
400 2381 427 2430 S.
439 2381 520 2444 Oong.
532 2379 638 2431 Concilir'
649 2379 688 2430 die
702 2384 732 2429 15
744 2381 1062 2444 dmuarii1724,deciaum
1073 2357 1147 2432 fuisse
1157 2381 1228 2431 refert
1238 2378 1317 2430 Bene·

230 2464 309 2516 dicun
319 2467 389 2515 XIV.
401 2467 427 2516 in
438 2483 476 2531 ep.
488 2466 519 2515 ad
529 2465 747 2530 Archiepiecopum
758 2465 913 2516 Tarsensem.

266 2548 308 2619 (2)
328 2546 358 2596 L.
370 2548 400 2597 de
412 2547 512 2612 Synodo
523 2547 592 2598 dioro.
603 2547 620 2598 l.
630 2546 671 2597 vii.
682 2563 703 2598 c.
715 2546 746 2597 vi.
