<?xml version="1.0" encoding="UTF-8"?>
<!DOCTYPE html PUBLIC "-//W3C//DTD XHTML 1.0 Transitional//EN"
    "http://www.w3.org/TR/xhtml1/DTD/xhtml1-transitional.dtd">
<html xmlns="http://www.w3.org/1999/xhtml" xml:lang="en" lang="en">
 <head>
  <title>
</title>
<meta http-equiv="Content-Type" content="text/html;charset=utf-8" />
  <meta name='ocr-system' content='tesseract 3.04.00' />
  <meta name='ocr-capabilities' content='ocr_page ocr_carea ocr_par ocr_line ocrx_word'/>
</head>
<body>
  <div class='ocr_page' id='page_1' title='image "./theologiaemoral02kenrgoog_0171.png"; bbox 0 0 3172 5172; ppageno 0'>
   <div class='ocr_carea' id='block_1_1' title="bbox 0 0 2 1017">
    <p class='ocr_par' dir='ltr' id='par_1_1' title="bbox 0 0 2 1017">
     <span class='ocr_line' id='line_1_1' title="bbox 0 0 2 1017; baseline 0 0"><span class='ocrx_word' id='word_1_1' title='bbox 0 0 2 1017; x_wconf 95' lang='lat' dir='ltr'> </span> 
     </span>
    </p>
   </div>
   <div class='ocr_carea' id='block_1_2' title="bbox 254 539 993 602">
    <p class='ocr_par' dir='ltr' id='par_1_2' title="bbox 254 539 993 602">
     <span class='ocr_line' id='line_1_2' title="bbox 254 539 993 602; baseline -0.003 -2"><span class='ocrx_word' id='word_1_2' title='bbox 254 545 310 602; x_wconf 76' lang='lat'>154</span> <span class='ocrx_word' id='word_1_3' title='bbox 605 539 662 601; x_wconf 84' lang='lat' dir='ltr'>DE</span> <span class='ocrx_word' id='word_1_4' title='bbox 685 539 993 600; x_wconf 83' lang='lat' dir='ltr'><strong>CONFESSIONE.</strong></span> 
     </span>
    </p>
   </div>
   <div class='ocr_carea' id='block_1_3' title="bbox 204 706 1381 3561">
    <p class='ocr_par' dir='ltr' id='par_1_3' title="bbox 204 706 1381 2962">
     <span class='ocr_line' id='line_1_3' title="bbox 253 706 1340 784; baseline 0.002 -17"><span class='ocrx_word' id='word_1_5' title='bbox 253 709 468 776; x_wconf 81' lang='lat' dir='ltr'>correctionem,</span> <span class='ocrx_word' id='word_1_6' title='bbox 483 707 528 767; x_wconf 86' lang='lat' dir='ltr'>vel</span> <span class='ocrx_word' id='word_1_7' title='bbox 541 709 597 766; x_wconf 87' lang='lat' dir='ltr'>alio</span> <span class='ocrx_word' id='word_1_8' title='bbox 612 709 713 780; x_wconf 84' lang='lat' dir='ltr'>quovis</span> <span class='ocrx_word' id='word_1_9' title='bbox 727 715 880 784; x_wconf 76' lang='lat' dir='ltr'>pretextu:</span> <span class='ocrx_word' id='word_1_10' title='bbox 901 725 985 781; x_wconf 83' lang='lat' dir='ltr'>quos,</span> <span class='ocrx_word' id='word_1_11' title='bbox 1000 707 1025 764; x_wconf 77' lang='lat' dir='ltr'>ai</span> <span class='ocrx_word' id='word_1_12' title='bbox 1041 706 1216 784; x_wconf 72' lang='lat' dir='ltr'>deneganda</span> <span class='ocrx_word' id='word_1_13' title='bbox 1230 709 1340 769; x_wconf 84' lang='lat' dir='ltr'>absolu·</span> 
     </span>
     <span class='ocr_line' id='line_1_4' title="bbox 254 806 1340 885; baseline 0.001 -20"><span class='ocrx_word' id='word_1_14' title='bbox 254 809 340 866; x_wconf 88' lang='lat' dir='ltr'>tionis</span> <span class='ocrx_word' id='word_1_15' title='bbox 362 809 447 866; x_wconf 83' lang='lat' dir='ltr'>minis</span> <span class='ocrx_word' id='word_1_16' title='bbox 468 809 611 885; x_wconf 75' lang='lat' dir='ltr'>coegerint</span> <span class='ocrx_word' id='word_1_17' title='bbox 631 809 803 884; x_wconf 72' lang='lat' dir='ltr'>paenitentes</span> <span class='ocrx_word' id='word_1_18' title='bbox 825 806 861 864; x_wconf 92' lang='lat' dir='ltr'>ad</span> <span class='ocrx_word' id='word_1_19' title='bbox 885 806 1087 864; x_wconf 80' lang='lat' dir='ltr'>revelationem</span> <span class='ocrx_word' id='word_1_20' title='bbox 1108 807 1287 885; x_wconf 86' lang='lat' dir='ltr'>hujusmodi,</span> <span class='ocrx_word' id='word_1_21' title='bbox 1309 809 1340 866; x_wconf 83' lang='lat' dir='ltr'>S.</span> 
     </span>
     <span class='ocr_line' id='line_1_5' title="bbox 254 906 1341 985; baseline -0.001 -20"><span class='ocrx_word' id='word_1_22' title='bbox 254 907 435 980; x_wconf 88' lang='lat' dir='ltr'>Inquisitioni</span> <span class='ocrx_word' id='word_1_23' title='bbox 450 906 657 966; x_wconf 86' lang='lat' dir='ltr'>denuntiandos</span> <span class='ocrx_word' id='word_1_24' title='bbox 671 925 746 974; x_wconf 88' lang='lat' dir='ltr'>esse,</span> <span class='ocrx_word' id='word_1_25' title='bbox 767 914 911 978; x_wconf 86' lang='lat' dir='ltr'>tamquam</span> <span class='ocrx_word' id='word_1_26' title='bbox 931 915 1081 983; x_wconf 87' lang='lat' dir='ltr'>suspectos</span> <span class='ocrx_word' id='word_1_27' title='bbox 1105 908 1135 964; x_wconf 89' lang='lat' dir='ltr'>in</span> <span class='ocrx_word' id='word_1_28' title='bbox 1156 906 1222 974; x_wconf 86' lang='lat' dir='ltr'>tide,</span> <span class='ocrx_word' id='word_1_29' title='bbox 1243 909 1341 985; x_wconf 86' lang='lat' dir='ltr'>jussit,</span> 
     </span>
     <span class='ocr_line' id='line_1_6' title="bbox 204 1003 1381 1084; baseline -0.005 -20"><span class='ocrx_word' id='word_1_30' title='bbox 204 1047 209 1056; x_wconf 84' lang='lat'><em>-</em></span> <span class='ocrx_word' id='word_1_31' title='bbox 254 1025 312 1064; x_wconf 89' lang='lat' dir='ltr'>non</span> <span class='ocrx_word' id='word_1_32' title='bbox 327 1014 451 1064; x_wconf 88' lang='lat' dir='ltr'>tamena</span> <span class='ocrx_word' id='word_1_33' title='bbox 471 1007 671 1082; x_wconf 74' lang='lat' dir='ltr'>paenitentibus</span> <span class='ocrx_word' id='word_1_34' title='bbox 684 1007 766 1084; x_wconf 89' lang='lat' dir='ltr'>ipsis,</span> <span class='ocrx_word' id='word_1_35' title='bbox 788 1004 840 1064; x_wconf 85' lang='lat' dir='ltr'>s&#39;ed</span> <span class='ocrx_word' id='word_1_36' title='bbox 859 1003 893 1062; x_wconf 87' lang='lat' dir='ltr'>ab</span> <span class='ocrx_word' id='word_1_37' title='bbox 913 1005 976 1064; x_wconf 86' lang='lat' dir='ltr'>aliis</span> <span class='ocrx_word' id='word_1_38' title='bbox 997 1006 1047 1078; x_wconf 90' lang='lat' dir='ltr'>qui</span> <span class='ocrx_word' id='word_1_39' title='bbox 1069 1005 1181 1063; x_wconf 84' lang='lat' dir='ltr'>aliunde</span> <span class='ocrx_word' id='word_1_40' title='bbox 1200 1025 1285 1078; x_wconf 88' lang='lat' dir='ltr'>quam</span> <span class='ocrx_word' id='word_1_41' title='bbox 1307 1025 1343 1064; x_wconf 86' lang='lat' dir='ltr'>ex</span> <span class='ocrx_word' id='word_1_42' title='bbox 1377 1052 1381 1058; x_wconf 91' lang='lat'>.</span> 
     </span>
     <span class='ocr_line' id='line_1_7' title="bbox 255 1101 1344 1182; baseline 0.001 -20"><span class='ocrx_word' id='word_1_43' title='bbox 255 1107 371 1181; x_wconf 87' lang='lat' dir='ltr'>propria</span> <span class='ocrx_word' id='word_1_44' title='bbox 385 1105 566 1164; x_wconf 89' lang='lat' dir='ltr'>consessione</span> <span class='ocrx_word' id='word_1_45' title='bbox 580 1101 735 1163; x_wconf 85' lang='lat' dir='ltr'>noverint¹</span> <span class='ocrx_word' id='word_1_46' title='bbox 775 1103 920 1177; x_wconf 88' lang='lat' dir='ltr'>Equidem</span> <span class='ocrx_word' id='word_1_47' title='bbox 942 1105 990 1163; x_wconf 89' lang='lat' dir='ltr'>illa</span> <span class='ocrx_word' id='word_1_48' title='bbox 1007 1103 1111 1182; x_wconf 82' lang='lat' dir='ltr'>agendi</span> <span class='ocrx_word' id='word_1_49' title='bbox 1124 1105 1195 1162; x_wconf 84' lang='lat' dir='ltr'>ratio</span> <span class='ocrx_word' id='word_1_50' title='bbox 1212 1123 1344 1182; x_wconf 85' lang='lat' dir='ltr'>magnam</span> 
     </span>
     <span class='ocr_line' id='line_1_8' title="bbox 254 1203 1343 1280; baseline 0 -18"><span class='ocrx_word' id='word_1_51' title='bbox 254 1204 392 1263; x_wconf 91' lang='lat' dir='ltr'>invidiam</span> <span class='ocrx_word' id='word_1_52' title='bbox 406 1203 518 1265; x_wconf 86' lang='lat' dir='ltr'>afferret</span> <span class='ocrx_word' id='word_1_53' title='bbox 530 1213 716 1272; x_wconf 72' lang='lat' dir='ltr'>sacramento,</span> <span class='ocrx_word' id='word_1_54' title='bbox 726 1213 754 1260; x_wconf 89' lang='lat' dir='ltr'>et</span> <span class='ocrx_word' id='word_1_55' title='bbox 762 1204 883 1280; x_wconf 88' lang='lat' dir='ltr'>plurima</span> <span class='ocrx_word' id='word_1_56' title='bbox 897 1213 925 1261; x_wconf 89' lang='lat' dir='ltr'>et</span> <span class='ocrx_word' id='word_1_57' title='bbox 933 1205 1101 1280; x_wconf 84' lang='lat' dir='ltr'>gravissima</span> <span class='ocrx_word' id='word_1_58' title='bbox 1114 1213 1225 1280; x_wconf 88' lang='lat' dir='ltr'>pareret</span> <span class='ocrx_word' id='word_1_59' title='bbox 1235 1206 1343 1262; x_wconf 89' lang='lat' dir='ltr'>incom-</span> 
     </span>
     <span class='ocr_line' id='line_1_9' title="bbox 253 1302 1345 1379; baseline 0 -19"><span class='ocrx_word' id='word_1_60' title='bbox 253 1303 348 1371; x_wconf 87' lang='lat' dir='ltr'>moda,</span> <span class='ocrx_word' id='word_1_61' title='bbox 369 1302 445 1360; x_wconf 91' lang='lat' dir='ltr'>haud</span> <span class='ocrx_word' id='word_1_62' title='bbox 468 1303 575 1375; x_wconf 85' lang='lat' dir='ltr'>absque</span> <span class='ocrx_word' id='word_1_63' title='bbox 596 1303 776 1361; x_wconf 88' lang='lat' dir='ltr'>revelationis</span> <span class='ocrx_word' id='word_1_64' title='bbox 798 1303 935 1379; x_wconf 87' lang='lat' dir='ltr'>periculo.</span> <span class='ocrx_word' id='word_1_65' title='bbox 979 1302 1157 1361; x_wconf 77' lang='lat' dir='ltr'>Consesaarii</span> <span class='ocrx_word' id='word_1_66' title='bbox 1178 1321 1281 1361; x_wconf 86' lang='lat' dir='ltr'>munus</span> <span class='ocrx_word' id='word_1_67' title='bbox 1301 1311 1345 1360; x_wconf 84' lang='lat' dir='ltr'>est</span> 
     </span>
     <span class='ocr_line' id='line_1_10' title="bbox 254 1381 1343 1479; baseline 0.001 -21"><span class='ocrx_word' id='word_1_68' title='bbox 254 1403 397 1477; x_wconf 85' lang='lat' dir='ltr'>praecipue</span> <span class='ocrx_word' id='word_1_69' title='bbox 420 1401 503 1459; x_wconf 84' lang='lat' dir='ltr'>saluti</span> <span class='ocrx_word' id='word_1_70' title='bbox 524 1404 687 1479; x_wconf 80' lang='lat' dir='ltr'>poenitentis</span> <span class='ocrx_word' id='word_1_71' title='bbox 710 1402 833 1461; x_wconf 89' lang='lat' dir='ltr'>studere.</span> <span class='ocrx_word' id='word_1_72' title='bbox 876 1381 1051 1460; x_wconf 73' lang='lat' dir='ltr'>“Ceterum</span> <span class='ocrx_word' id='word_1_73' title='bbox 1077 1401 1245 1460; x_wconf 83' lang='lat' dir='ltr'>confessarii</span> <span class='ocrx_word' id='word_1_74' title='bbox 1271 1403 1343 1459; x_wconf 89' lang='lat' dir='ltr'>bene</span> 
     </span>
     <span class='ocr_line' id='line_1_11' title="bbox 254 1501 1343 1578; baseline 0 -20"><span class='ocrx_word' id='word_1_75' title='bbox 254 1508 383 1577; x_wconf 83' lang='lat' dir='ltr'>possunt,</span> <span class='ocrx_word' id='word_1_76' title='bbox 399 1509 426 1558; x_wconf 92' lang='lat' dir='ltr'>et</span> <span class='ocrx_word' id='word_1_77' title='bbox 439 1509 577 1570; x_wconf 88' lang='lat' dir='ltr'>tenentur,</span> <span class='ocrx_word' id='word_1_78' title='bbox 592 1502 626 1560; x_wconf 89' lang='lat' dir='ltr'>ad</span> <span class='ocrx_word' id='word_1_79' title='bbox 649 1503 836 1578; x_wconf 84' lang='lat' dir='ltr'>integritatem</span> <span class='ocrx_word' id='word_1_80' title='bbox 858 1503 1047 1560; x_wconf 85' lang='lat' dir='ltr'>confessionis</span> <span class='ocrx_word' id='word_1_81' title='bbox 1062 1501 1232 1560; x_wconf 84' lang='lat' dir='ltr'>servandam</span> <span class='ocrx_word' id='word_1_82' title='bbox 1245 1501 1343 1574; x_wconf 88' lang='lat' dir='ltr'>exqui-</span> 
     </span>
     <span class='ocr_line' id='line_1_12' title="bbox 254 1600 1345 1676; baseline 0 -18"><span class='ocrx_word' id='word_1_83' title='bbox 254 1617 315 1658; x_wconf 88' lang='lat' dir='ltr'>rere</span> <span class='ocrx_word' id='word_1_84' title='bbox 329 1601 555 1659; x_wconf 84' lang='lat' dir='ltr'>circumstantias</span> <span class='ocrx_word' id='word_1_85' title='bbox 568 1603 754 1669; x_wconf 84' lang='lat' dir='ltr'>necessarias,</span> <span class='ocrx_word' id='word_1_86' title='bbox 769 1619 872 1676; x_wconf 85' lang='lat' dir='ltr'>nempe</span> <span class='ocrx_word' id='word_1_87' title='bbox 887 1601 933 1658; x_wconf 88' lang='lat' dir='ltr'>vel</span> <span class='ocrx_word' id='word_1_88' title='bbox 947 1620 1010 1673; x_wconf 85' lang='lat' dir='ltr'>quae</span> <span class='ocrx_word' id='word_1_89' title='bbox 1024 1601 1151 1676; x_wconf 84' lang='lat' dir='ltr'>speciem</span> <span class='ocrx_word' id='word_1_90' title='bbox 1165 1609 1284 1668; x_wconf 89' lang='lat' dir='ltr'>mutant,</span> <span class='ocrx_word' id='word_1_91' title='bbox 1299 1600 1345 1658; x_wconf 87' lang='lat' dir='ltr'>vel</span> 
     </span>
     <span class='ocr_line' id='line_1_13' title="bbox 254 1699 1344 1777; baseline 0.003 -22"><span class='ocrx_word' id='word_1_92' title='bbox 254 1699 437 1772; x_wconf 73' lang='lat' dir='ltr'>exquirendae</span> <span class='ocrx_word' id='word_1_93' title='bbox 451 1709 526 1768; x_wconf 86' lang='lat' dir='ltr'>sunt,</span> <span class='ocrx_word' id='word_1_94' title='bbox 541 1710 572 1758; x_wconf 89' lang='lat' dir='ltr'>ut</span> <span class='ocrx_word' id='word_1_95' title='bbox 586 1701 747 1777; x_wconf 81' lang='lat' dir='ltr'>poenitentis</span> <span class='ocrx_word' id='word_1_96' title='bbox 769 1700 951 1759; x_wconf 84' lang='lat' dir='ltr'>conscientiae</span> <span class='ocrx_word' id='word_1_97' title='bbox 972 1700 1145 1769; x_wconf 89' lang='lat' dir='ltr'>consolatur,</span> <span class='ocrx_word' id='word_1_98' title='bbox 1160 1709 1228 1777; x_wconf 84' lang='lat' dir='ltr'>puta</span> <span class='ocrx_word' id='word_1_99' title='bbox 1240 1700 1265 1756; x_wconf 84' lang='lat' dir='ltr'>si</span> <span class='ocrx_word' id='word_1_100' title='bbox 1278 1718 1344 1758; x_wconf 91' lang='lat' dir='ltr'>con·</span> 
     </span>
     <span class='ocr_line' id='line_1_14' title="bbox 253 1797 1344 1877; baseline 0.003 -22"><span class='ocrx_word' id='word_1_101' title='bbox 253 1797 389 1856; x_wconf 79' lang='lat' dir='ltr'>fessarius</span> <span class='ocrx_word' id='word_1_102' title='bbox 413 1799 553 1872; x_wconf 84' lang='lat' dir='ltr'>exquirat,</span> <span class='ocrx_word' id='word_1_103' title='bbox 573 1819 609 1857; x_wconf 89' lang='lat' dir='ltr'>an</span> <span class='ocrx_word' id='word_1_104' title='bbox 632 1818 756 1875; x_wconf 87' lang='lat' dir='ltr'>persona</span> <span class='ocrx_word' id='word_1_105' title='bbox 776 1800 924 1874; x_wconf 85' lang='lat' dir='ltr'>complicis</span> <span class='ocrx_word' id='word_1_106' title='bbox 946 1800 1032 1857; x_wconf 82' lang='lat' dir='ltr'>sitin</span> <span class='ocrx_word' id='word_1_107' title='bbox 1052 1801 1146 1877; x_wconf 91' lang='lat' dir='ltr'>primo</span> <span class='ocrx_word' id='word_1_108' title='bbox 1159 1800 1205 1857; x_wconf 87' lang='lat' dir='ltr'>vel</span> <span class='ocrx_word' id='word_1_109' title='bbox 1217 1797 1344 1858; x_wconf 83' lang='lat' dir='ltr'>secundo</span> 
     </span>
     <span class='ocr_line' id='line_1_15' title="bbox 253 1896 1345 1976; baseline 0.001 -22"><span class='ocrx_word' id='word_1_110' title='bbox 253 1896 352 1976; x_wconf 83' lang='lat' dir='ltr'>gradu,</span> <span class='ocrx_word' id='word_1_111' title='bbox 376 1899 401 1956; x_wconf 88' lang='lat' dir='ltr'>si</span> <span class='ocrx_word' id='word_1_112' title='bbox 421 1899 507 1976; x_wconf 84' lang='lat' dir='ltr'>ligata</span> <span class='ocrx_word' id='word_1_113' title='bbox 517 1913 518 1916; x_wconf 72' lang='grc'>’</span> <span class='ocrx_word' id='word_1_114' title='bbox 528 1908 604 1967; x_wconf 90' lang='lat' dir='ltr'>voto,</span> <span class='ocrx_word' id='word_1_115' title='bbox 625 1900 650 1956; x_wconf 75' lang='lat' dir='ltr'>ai</span> <span class='ocrx_word' id='word_1_116' title='bbox 671 1901 708 1957; x_wconf 89' lang='lat' dir='ltr'>sit</span> <span class='ocrx_word' id='word_1_117' title='bbox 728 1898 840 1966; x_wconf 88' lang='lat' dir='ltr'>ancilla,</span> <span class='ocrx_word' id='word_1_118' title='bbox 855 1901 879 1956; x_wconf 90' lang='lat' dir='ltr'>si</span> <span class='ocrx_word' id='word_1_119' title='bbox 893 1898 999 1956; x_wconf 88' lang='lat' dir='ltr'>habitet</span> <span class='ocrx_word' id='word_1_120' title='bbox 1011 1900 1041 1957; x_wconf 94' lang='lat' dir='ltr'>in</span> <span class='ocrx_word' id='word_1_121' title='bbox 1054 1899 1153 1956; x_wconf 85' lang='lat' dir='ltr'>eadem</span> <span class='ocrx_word' id='word_1_122' title='bbox 1167 1897 1262 1965; x_wconf 91' lang='lat' dir='ltr'>domo,</span> <span class='ocrx_word' id='word_1_123' title='bbox 1276 1899 1345 1956; x_wconf 88' lang='lat' dir='ltr'>licet</span> 
     </span>
     <span class='ocr_line' id='line_1_16' title="bbox 255 1989 1345 2075; baseline -0.001 -20"><span class='ocrx_word' id='word_1_124' title='bbox 255 1997 351 2055; x_wconf 90' lang='lat' dir='ltr'>veniat</span> <span class='ocrx_word' id='word_1_125' title='bbox 372 1999 401 2056; x_wconf 90' lang='lat' dir='ltr'>in</span> <span class='ocrx_word' id='word_1_126' title='bbox 423 1998 616 2075; x_wconf 88' lang='lat' dir='ltr'>cognitionem</span> <span class='ocrx_word' id='word_1_127' title='bbox 638 1989 839 2074; x_wconf 80' lang='lat' dir='ltr'>complicis.”²</span> <span class='ocrx_word' id='word_1_128' title='bbox 879 1998 922 2056; x_wconf 90' lang='lat' dir='ltr'>lta</span> <span class='ocrx_word' id='word_1_129' title='bbox 942 1998 974 2055; x_wconf 84' lang='lat' dir='ltr'>S.</span> <span class='ocrx_word' id='word_1_130' title='bbox 995 1997 1170 2074; x_wconf 87' lang='lat' dir='ltr'>Alphonsus.</span> <span class='ocrx_word' id='word_1_131' title='bbox 1212 1995 1345 2063; x_wconf 84' lang='lat' dir='ltr'>Quodsi</span> 
     </span>
     <span class='ocr_line' id='line_1_17' title="bbox 256 2095 1344 2174; baseline 0.001 -22"><span class='ocrx_word' id='word_1_132' title='bbox 256 2098 398 2172; x_wconf 72' lang='lat' dir='ltr'>poenitens</span> <span class='ocrx_word' id='word_1_133' title='bbox 425 2106 528 2174; x_wconf 86' lang='lat' dir='ltr'>sponte</span> <span class='ocrx_word' id='word_1_134' title='bbox 554 2115 605 2154; x_wconf 87' lang='lat' dir='ltr'>sua</span> <span class='ocrx_word' id='word_1_135' title='bbox 638 2097 800 2155; x_wconf 80' lang='lat' dir='ltr'>manifestet</span> <span class='ocrx_word' id='word_1_136' title='bbox 822 2099 944 2167; x_wconf 85' lang='lat' dir='ltr'>socium,</span> <span class='ocrx_word' id='word_1_137' title='bbox 971 2108 999 2154; x_wconf 93' lang='lat' dir='ltr'>et</span> <span class='ocrx_word' id='word_1_138' title='bbox 1031 2095 1233 2154; x_wconf 85' lang='lat' dir='ltr'>confessarium</span> <span class='ocrx_word' id='word_1_139' title='bbox 1254 2105 1344 2172; x_wconf 87' lang='lat' dir='ltr'>roget,</span> 
     </span>
     <span class='ocr_line' id='line_1_18' title="bbox 253 2195 1344 2273; baseline 0 -19"><span class='ocrx_word' id='word_1_140' title='bbox 253 2203 285 2254; x_wconf 91' lang='lat' dir='ltr'>ut</span> <span class='ocrx_word' id='word_1_141' title='bbox 297 2195 422 2255; x_wconf 84' lang='lat' dir='ltr'>studium</span> <span class='ocrx_word' id='word_1_142' title='bbox 436 2206 524 2272; x_wconf 91' lang='lat' dir='ltr'>ponat</span> <span class='ocrx_word' id='word_1_143' title='bbox 536 2196 566 2254; x_wconf 91' lang='lat' dir='ltr'>in</span> <span class='ocrx_word' id='word_1_144' title='bbox 579 2197 641 2273; x_wconf 84' lang='lat' dir='ltr'>ejus</span> <span class='ocrx_word' id='word_1_145' title='bbox 655 2197 864 2264; x_wconf 86' lang='lat' dir='ltr'>emendatione,</span> <span class='ocrx_word' id='word_1_146' title='bbox 878 2197 907 2254; x_wconf 93' lang='lat' dir='ltr'>id</span> <span class='ocrx_word' id='word_1_147' title='bbox 921 2198 970 2255; x_wconf 85' lang='lat' dir='ltr'>vix</span> <span class='ocrx_word' id='word_1_148' title='bbox 984 2205 1043 2255; x_wconf 94' lang='lat' dir='ltr'>tuto</span> <span class='ocrx_word' id='word_1_149' title='bbox 1056 2195 1118 2254; x_wconf 88' lang='lat' dir='ltr'>fieri</span> <span class='ocrx_word' id='word_1_150' title='bbox 1130 2196 1241 2271; x_wconf 89' lang='lat' dir='ltr'>poterit,</span> <span class='ocrx_word' id='word_1_151' title='bbox 1255 2213 1344 2268; x_wconf 87' lang='lat' dir='ltr'>quum</span> 
     </span>
     <span class='ocr_line' id='line_1_19' title="bbox 253 2293 1346 2374; baseline -0.001 -22"><span class='ocrx_word' id='word_1_152' title='bbox 253 2293 336 2352; x_wconf 83' lang='lat' dir='ltr'>facile</span> <span class='ocrx_word' id='word_1_153' title='bbox 350 2295 437 2371; x_wconf 84' lang='lat' dir='ltr'>sigilli</span> <span class='ocrx_word' id='word_1_154' title='bbox 451 2295 548 2353; x_wconf 89' lang='lat' dir='ltr'>violati</span> <span class='ocrx_word' id='word_1_155' title='bbox 568 2305 699 2354; x_wconf 88' lang='lat' dir='ltr'>nascatur</span> <span class='ocrx_word' id='word_1_156' title='bbox 719 2297 858 2374; x_wconf 88' lang='lat' dir='ltr'>suspicio.</span> <span class='ocrx_word' id='word_1_157' title='bbox 901 2297 933 2354; x_wconf 85' lang='lat' dir='ltr'>Si</span> <span class='ocrx_word' id='word_1_158' title='bbox 948 2314 1032 2373; x_wconf 83' lang='lat' dir='ltr'>grave</span> <span class='ocrx_word' id='word_1_159' title='bbox 1051 2295 1186 2353; x_wconf 89' lang='lat' dir='ltr'>damnum</span> <span class='ocrx_word' id='word_1_160' title='bbox 1200 2296 1346 2353; x_wconf 89' lang='lat' dir='ltr'>immincat</span> 
     </span>
     <span class='ocr_line' id='line_1_20' title="bbox 254 2395 1349 2471; baseline -0.001 -19"><span class='ocrx_word' id='word_1_161' title='bbox 254 2395 411 2462; x_wconf 89' lang='lat' dir='ltr'>innocenti,</span> <span class='ocrx_word' id='word_1_162' title='bbox 427 2395 472 2452; x_wconf 90' lang='lat' dir='ltr'>vel</span> <span class='ocrx_word' id='word_1_163' title='bbox 496 2397 703 2465; x_wconf 85' lang='lat' dir='ltr'>communitati,</span> <span class='ocrx_word' id='word_1_164' title='bbox 731 2399 761 2455; x_wconf 89' lang='lat' dir='ltr'>ni</span> <span class='ocrx_word' id='word_1_165' title='bbox 785 2395 880 2453; x_wconf 87' lang='lat' dir='ltr'>socius</span> <span class='ocrx_word' id='word_1_166' title='bbox 900 2396 1049 2463; x_wconf 88' lang='lat' dir='ltr'>reveletur,</span> <span class='ocrx_word' id='word_1_167' title='bbox 1074 2395 1222 2471; x_wconf 82' lang='lat' dir='ltr'>injungere</span> <span class='ocrx_word' id='word_1_168' title='bbox 1245 2395 1349 2471; x_wconf 88' lang='lat' dir='ltr'>poterit</span> 
     </span>
     <span class='ocr_line' id='line_1_21' title="bbox 254 2492 1349 2571; baseline 0.001 -20"><span class='ocrx_word' id='word_1_169' title='bbox 254 2492 445 2553; x_wconf 71' lang='lat' dir='ltr'>confessarius</span> <span class='ocrx_word' id='word_1_170' title='bbox 459 2495 619 2571; x_wconf 74' lang='lat' dir='ltr'>paenitenti,</span> <span class='ocrx_word' id='word_1_171' title='bbox 633 2505 665 2554; x_wconf 91' lang='lat' dir='ltr'>ut</span> <span class='ocrx_word' id='word_1_172' title='bbox 687 2515 752 2555; x_wconf 89' lang='lat' dir='ltr'>eum</span> <span class='ocrx_word' id='word_1_173' title='bbox 766 2495 912 2552; x_wconf 90' lang='lat' dir='ltr'>denuntiet</span> <span class='ocrx_word' id='word_1_174' title='bbox 931 2497 959 2552; x_wconf 90' lang='lat' dir='ltr'>ei</span> <span class='ocrx_word' id='word_1_175' title='bbox 979 2495 1028 2567; x_wconf 93' lang='lat' dir='ltr'>qui</span> <span class='ocrx_word' id='word_1_176' title='bbox 1042 2494 1274 2562; x_wconf 78' lang='lat' dir='ltr'>occurratmal03</span> <span class='ocrx_word' id='word_1_177' title='bbox 1298 2492 1349 2552; x_wconf 77' lang='lat' dir='ltr'>aed</span> 
     </span>
     <span class='ocr_line' id='line_1_22' title="bbox 253 2593 1347 2675; baseline 0.002 -25"><span class='ocrx_word' id='word_1_178' title='bbox 253 2594 371 2651; x_wconf 89' lang='lat' dir='ltr'>minime</span> <span class='ocrx_word' id='word_1_179' title='bbox 385 2593 559 2671; x_wconf 84' lang='lat' dir='ltr'>exigendum</span> <span class='ocrx_word' id='word_1_180' title='bbox 574 2603 617 2650; x_wconf 85' lang='lat' dir='ltr'>cst</span> <span class='ocrx_word' id='word_1_181' title='bbox 630 2604 662 2652; x_wconf 90' lang='lat' dir='ltr'>ut</span> <span class='ocrx_word' id='word_1_182' title='bbox 674 2596 729 2654; x_wconf 85' lang='lat' dir='ltr'>sibi</span> <span class='ocrx_word' id='word_1_183' title='bbox 743 2595 933 2654; x_wconf 83' lang='lat' dir='ltr'>manifestatio</span> <span class='ocrx_word' id='word_1_184' title='bbox 946 2594 995 2652; x_wconf 88' lang='lat' dir='ltr'>fiat</span> <span class='ocrx_word' id='word_1_185' title='bbox 1006 2593 1036 2651; x_wconf 92' lang='lat' dir='ltr'>in</span> <span class='ocrx_word' id='word_1_186' title='bbox 1050 2593 1191 2675; x_wconf 88' lang='lat' dir='ltr'>tribunali.</span> <span class='ocrx_word' id='word_1_187' title='bbox 1233 2593 1266 2651; x_wconf 86' lang='lat' dir='ltr'>Si</span> <span class='ocrx_word' id='word_1_188' title='bbox 1280 2611 1347 2652; x_wconf 90' lang='lat' dir='ltr'>con·</span> 
     </span>
     <span class='ocr_line' id='line_1_23' title="bbox 254 2691 1346 2768; baseline 0.003 -22"><span class='ocrx_word' id='word_1_189' title='bbox 254 2691 343 2767; x_wconf 85' lang='lat' dir='ltr'>tingat</span> <span class='ocrx_word' id='word_1_190' title='bbox 356 2691 562 2748; x_wconf 79' lang='lat' dir='ltr'>confessarium</span> <span class='ocrx_word' id='word_1_191' title='bbox 576 2710 693 2750; x_wconf 88' lang='lat' dir='ltr'>munere</span> <span class='ocrx_word' id='word_1_192' title='bbox 708 2693 803 2765; x_wconf 87' lang='lat' dir='ltr'>aliquo</span> <span class='ocrx_word' id='word_1_193' title='bbox 818 2693 908 2768; x_wconf 80' lang='lat' dir='ltr'>fungi,</span> <span class='ocrx_word' id='word_1_194' title='bbox 924 2691 994 2750; x_wconf 89' lang='lat' dir='ltr'>adeo</span> <span class='ocrx_word' id='word_1_195' title='bbox 1014 2700 1044 2749; x_wconf 89' lang='lat' dir='ltr'>ut</span> <span class='ocrx_word' id='word_1_196' title='bbox 1063 2693 1090 2748; x_wconf 92' lang='lat' dir='ltr'>ei</span> <span class='ocrx_word' id='word_1_197' title='bbox 1111 2691 1289 2748; x_wconf 88' lang='lat' dir='ltr'>denunciatio</span> <span class='ocrx_word' id='word_1_198' title='bbox 1310 2691 1346 2749; x_wconf 89' lang='lat' dir='ltr'>de</span> 
     </span>
     <span class='ocr_line' id='line_1_24' title="bbox 249 2789 1344 2870; baseline 0.001 -25"><span class='ocrx_word' id='word_1_199' title='bbox 249 2789 326 2865; x_wconf 88' lang='lat' dir='ltr'>jure,</span> <span class='ocrx_word' id='word_1_200' title='bbox 341 2790 381 2846; x_wconf 92' lang='lat' dir='ltr'>nti</span> <span class='ocrx_word' id='word_1_201' title='bbox 396 2790 483 2856; x_wconf 89' lang='lat' dir='ltr'>aiunt,</span> <span class='ocrx_word' id='word_1_202' title='bbox 506 2790 634 2847; x_wconf 81' lang='lat' dir='ltr'>facienda</span> <span class='ocrx_word' id='word_1_203' title='bbox 656 2792 702 2859; x_wconf 87' lang='lat' dir='ltr'>sit,</span> <span class='ocrx_word' id='word_1_204' title='bbox 719 2792 821 2867; x_wconf 85' lang='lat' dir='ltr'>poterit</span> <span class='ocrx_word' id='word_1_205' title='bbox 840 2793 991 2870; x_wconf 85' lang='lat' dir='ltr'>injungere</span> <span class='ocrx_word' id='word_1_206' title='bbox 1011 2799 1042 2850; x_wconf 91' lang='lat' dir='ltr'>ut</span> <span class='ocrx_word' id='word_1_207' title='bbox 1054 2790 1102 2848; x_wconf 86' lang='lat' dir='ltr'>liat</span> <span class='ocrx_word' id='word_1_208' title='bbox 1114 2798 1193 2848; x_wconf 88' lang='lat' dir='ltr'>extra</span> <span class='ocrx_word' id='word_1_209' title='bbox 1207 2789 1344 2848; x_wconf 86' lang='lat' dir='ltr'>tribunal:</span> 
     </span>
     <span class='ocr_line' id='line_1_25' title="bbox 254 2884 521 2962; baseline 0.011 -19"><span class='ocrx_word' id='word_1_210' title='bbox 254 2886 306 2944; x_wconf 80' lang='lat' dir='ltr'>sed</span> <span class='ocrx_word' id='word_1_211' title='bbox 320 2884 382 2943; x_wconf 79' lang='lat' dir='ltr'>rard</span> <span class='ocrx_word' id='word_1_212' title='bbox 396 2887 521 2962; x_wconf 86' lang='lat' dir='ltr'>expedit.</span> 
     </span>
    </p>

    <p class='ocr_par' dir='ltr' id='par_1_4' title="bbox 255 2986 1348 3343">
     <span class='ocr_line' id='line_1_26' title="bbox 294 2986 1347 3067; baseline 0.002 -23"><span class='ocrx_word' id='word_1_213' title='bbox 294 2990 343 3044; x_wconf 84' lang='lat'>52.</span> <span class='ocrx_word' id='word_1_214' title='bbox 367 2986 540 3060; x_wconf 89' lang='lat' dir='ltr'>Plerumque</span> <span class='ocrx_word' id='word_1_215' title='bbox 561 3005 618 3046; x_wconf 90' lang='lat' dir='ltr'>non</span> <span class='ocrx_word' id='word_1_216' title='bbox 639 2989 755 3066; x_wconf 86' lang='lat' dir='ltr'>expedit</span> <span class='ocrx_word' id='word_1_217' title='bbox 775 2999 806 3047; x_wconf 92' lang='lat' dir='ltr'>ut</span> <span class='ocrx_word' id='word_1_218' title='bbox 825 2991 1015 3048; x_wconf 84' lang='lat' dir='ltr'>confessarius</span> <span class='ocrx_word' id='word_1_219' title='bbox 1036 2989 1234 3067; x_wconf 64' lang='lat' dir='ltr'>poenitentium</span> <span class='ocrx_word' id='word_1_220' title='bbox 1249 2997 1347 3066; x_wconf 85' lang='lat' dir='ltr'>rogatu</span> 
     </span>
     <span class='ocr_line' id='line_1_27' title="bbox 255 3085 1347 3162; baseline 0.003 -20"><span class='ocrx_word' id='word_1_221' title='bbox 255 3085 326 3144; x_wconf 84' lang='lat' dir='ltr'>alios</span> <span class='ocrx_word' id='word_1_222' title='bbox 340 3086 493 3145; x_wconf 87' lang='lat' dir='ltr'>emendare</span> <span class='ocrx_word' id='word_1_223' title='bbox 506 3095 595 3156; x_wconf 88' lang='lat' dir='ltr'>curet,</span> <span class='ocrx_word' id='word_1_224' title='bbox 605 3088 672 3145; x_wconf 89' lang='lat' dir='ltr'>licet</span> <span class='ocrx_word' id='word_1_225' title='bbox 684 3089 756 3147; x_wconf 84' lang='lat' dir='ltr'>socii</span> <span class='ocrx_word' id='word_1_226' title='bbox 765 3089 892 3147; x_wconf 90' lang='lat' dir='ltr'>criminis</span> <span class='ocrx_word' id='word_1_227' title='bbox 906 3108 964 3147; x_wconf 93' lang='lat' dir='ltr'>non</span> <span class='ocrx_word' id='word_1_228' title='bbox 977 3089 1051 3147; x_wconf 84' lang='lat' dir='ltr'>sint:</span> <span class='ocrx_word' id='word_1_229' title='bbox 1066 3107 1133 3146; x_wconf 89' lang='lat' dir='ltr'>narn</span> <span class='ocrx_word' id='word_1_230' title='bbox 1145 3107 1207 3162; x_wconf 85' lang='lat' dir='ltr'>quae</span> <span class='ocrx_word' id='word_1_231' title='bbox 1222 3089 1251 3146; x_wconf 92' lang='lat' dir='ltr'>in</span> <span class='ocrx_word' id='word_1_232' title='bbox 1262 3088 1347 3145; x_wconf 91' lang='lat' dir='ltr'>tribu·</span> 
     </span>
     <span class='ocr_line' id='line_1_28' title="bbox 255 3184 1348 3263; baseline 0.002 -21"><span class='ocrx_word' id='word_1_233' title='bbox 255 3186 312 3243; x_wconf 84' lang='lat' dir='ltr'>nali</span> <span class='ocrx_word' id='word_1_234' title='bbox 320 3184 412 3244; x_wconf 88' lang='lat' dir='ltr'>delata</span> <span class='ocrx_word' id='word_1_235' title='bbox 427 3196 503 3256; x_wconf 85' lang='lat' dir='ltr'>sunt,</span> <span class='ocrx_word' id='word_1_236' title='bbox 518 3187 670 3246; x_wconf 84' lang='lat' dir='ltr'>occasione</span> <span class='ocrx_word' id='word_1_237' title='bbox 684 3189 771 3246; x_wconf 86' lang='lat' dir='ltr'>veluti</span> <span class='ocrx_word' id='word_1_238' title='bbox 784 3189 984 3258; x_wconf 84' lang='lat' dir='ltr'>consessionis,</span> <span class='ocrx_word' id='word_1_239' title='bbox 994 3187 1189 3246; x_wconf 85' lang='lat' dir='ltr'>difficultatem</span> <span class='ocrx_word' id='word_1_240' title='bbox 1202 3195 1230 3244; x_wconf 90' lang='lat' dir='ltr'>et</span> <span class='ocrx_word' id='word_1_241' title='bbox 1239 3187 1348 3263; x_wconf 88' lang='lat' dir='ltr'>pericu·</span> 
     </span>
     <span class='ocr_line' id='line_1_29' title="bbox 257 3283 447 3343; baseline 0.011 -3"><span class='ocrx_word' id='word_1_242' title='bbox 257 3283 317 3343; x_wconf 87' lang='lat' dir='ltr'>lum</span> <span class='ocrx_word' id='word_1_243' title='bbox 332 3284 447 3342; x_wconf 87' lang='lat' dir='ltr'>habent.</span> 
     </span>
    </p>

    <p class='ocr_par' dir='ltr' id='par_1_5' title="bbox 255 3383 1346 3561">
     <span class='ocr_line' id='line_1_30' title="bbox 296 3383 1346 3463; baseline 0 -23"><span class='ocrx_word' id='word_1_244' title='bbox 296 3387 344 3440; x_wconf 87' lang='grc'>53.</span> <span class='ocrx_word' id='word_1_245' title='bbox 358 3383 546 3456; x_wconf 86' lang='lat' dir='ltr'>·“Inqnirerc</span> <span class='ocrx_word' id='word_1_246' title='bbox 566 3403 672 3443; x_wconf 89' lang='lat' dir='ltr'>nornen</span> <span class='ocrx_word' id='word_1_247' title='bbox 692 3387 855 3462; x_wconf 84' lang='lat' dir='ltr'>poenitentis</span> <span class='ocrx_word' id='word_1_248' title='bbox 876 3386 1028 3454; x_wconf 90' lang='lat' dir='ltr'>nonlicet,</span> <span class='ocrx_word' id='word_1_249' title='bbox 1050 3403 1145 3458; x_wconf 89' lang='lat' dir='ltr'>neque</span> <span class='ocrx_word' id='word_1_250' title='bbox 1165 3387 1227 3463; x_wconf 86' lang='lat' dir='ltr'>ejus</span> <span class='ocrx_word' id='word_1_251' title='bbox 1241 3383 1346 3442; x_wconf 91' lang='lat' dir='ltr'>habita·</span> 
     </span>
     <span class='ocr_line' id='line_1_31' title="bbox 255 3481 1345 3561; baseline 0.001 -24"><span class='ocrx_word' id='word_1_252' title='bbox 255 3481 373 3549; x_wconf 89' lang='lat' dir='ltr'>tionem,</span> <span class='ocrx_word' id='word_1_253' title='bbox 386 3483 491 3541; x_wconf 72' lang='lat' dir='ltr'>aliaeve</span> <span class='ocrx_word' id='word_1_254' title='bbox 506 3485 569 3561; x_wconf 84' lang='lat' dir='ltr'>ejus</span> <span class='ocrx_word' id='word_1_255' title='bbox 584 3485 731 3556; x_wconf 84' lang='lat' dir='ltr'>qualitates</span> <span class='ocrx_word' id='word_1_256' title='bbox 743 3498 771 3544; x_wconf 90' lang='lat' dir='ltr'>et</span> <span class='ocrx_word' id='word_1_257' title='bbox 784 3487 1019 3553; x_wconf 83' lang='lat' dir='ltr'>circumstantias,</span> <span class='ocrx_word' id='word_1_258' title='bbox 1034 3504 1096 3557; x_wconf 86' lang='lat' dir='ltr'>quae</span> <span class='ocrx_word' id='word_1_259' title='bbox 1107 3501 1258 3560; x_wconf 85' lang='lat' dir='ltr'>personam</span> <span class='ocrx_word' id='word_1_260' title='bbox 1269 3482 1345 3540; x_wconf 87' lang='lat' dir='ltr'>illius</span> 
     </span>
    </p>
   </div>
   <div class='ocr_carea' id='block_1_4' title="bbox 255 3567 1347 3734">
    <p class='ocr_par' dir='ltr' id='par_1_6' title="bbox 255 3567 1347 3734">
     <span class='ocr_line' id='line_1_32' title="bbox 255 3567 1347 3659; baseline 0.005 -25"><span class='ocrx_word' id='word_1_261' title='bbox 255 3578 387 3655; x_wconf 86' lang='lat' dir='ltr'>detegant</span> <span class='ocrx_word' id='word_1_262' title='bbox 402 3583 464 3640; x_wconf 77' lang='lat' dir='ltr'>aine</span> <span class='ocrx_word' id='word_1_263' title='bbox 478 3581 536 3639; x_wconf 90' lang='lat' dir='ltr'>ulla</span> <span class='ocrx_word' id='word_1_264' title='bbox 549 3567 708 3642; x_wconf 80' lang='lat' dir='ltr'>rationabili</span> <span class='ocrx_word' id='word_1_265' title='bbox 729 3578 863 3641; x_wconf 79' lang='lat' dir='ltr'>causa.’&#39;³</span> <span class='ocrx_word' id='word_1_266' title='bbox 903 3583 945 3641; x_wconf 92' lang='lat' dir='ltr'>Ita</span> <span class='ocrx_word' id='word_1_267' title='bbox 965 3585 1000 3644; x_wconf 92' lang='lat' dir='ltr'>P.</span> <span class='ocrx_word' id='word_1_268' title='bbox 1016 3585 1169 3659; x_wconf 84' lang='lat' dir='ltr'>Philippus</span> <span class='ocrx_word' id='word_1_269' title='bbox 1190 3582 1224 3641; x_wconf 88' lang='lat' dir='ltr'>dc</span> <span class='ocrx_word' id='word_1_270' title='bbox 1239 3580 1347 3640; x_wconf 83' lang='lat' dir='ltr'>Carbo·</span> 
     </span>
     <span class='ocr_line' id='line_1_33' title="bbox 255 3694 357 3734; baseline 0 0"><span class='ocrx_word' id='word_1_271' title='bbox 255 3694 357 3734; x_wconf 90' lang='lat' dir='ltr'>neauo.</span> 
     </span>
    </p>
   </div>
   <div class='ocr_carea' id='block_1_5' title="bbox 559 3886 1035 3960">
    <p class='ocr_par' dir='ltr' id='par_1_7' title="bbox 559 3886 1035 3960">
     <span class='ocr_line' id='line_1_34' title="bbox 559 3886 1035 3960; baseline 0.008 -17"><span class='ocrx_word' id='word_1_272' title='bbox 559 3886 584 3960; x_wconf 90' lang='lat'>§.</span> <span class='ocrx_word' id='word_1_273' title='bbox 600 3886 654 3945; x_wconf 93' lang='lat' dir='ltr'>VI.</span> <span class='ocrx_word' id='word_1_274' title='bbox 696 3886 743 3945; x_wconf 84' lang='lat' dir='ltr'>Du</span> <span class='ocrx_word' id='word_1_275' title='bbox 764 3905 905 3947; x_wconf 76' lang='lat' dir='ltr'>euocatus</span> <span class='ocrx_word' id='word_1_276' title='bbox 926 3907 1035 3948; x_wconf 73' lang='lat' dir='ltr'>nunus</span> 
     </span>
    </p>
   </div>
   <div class='ocr_carea' id='block_1_6' title="bbox 254 4052 1345 4226">
    <p class='ocr_par' dir='ltr' id='par_1_8' title="bbox 254 4052 1345 4226">
     <span class='ocr_line' id='line_1_35' title="bbox 295 4052 1344 4114; baseline -0.002 -2"><span class='ocrx_word' id='word_1_277' title='bbox 295 4057 343 4112; x_wconf 86' lang='grc'>54.</span> <span class='ocrx_word' id='word_1_278' title='bbox 365 4053 486 4112; x_wconf 87' lang='lat' dir='ltr'>Peccata</span> <span class='ocrx_word' id='word_1_279' title='bbox 508 4062 583 4111; x_wconf 86' lang='lat' dir='ltr'>certa</span> <span class='ocrx_word' id='word_1_280' title='bbox 602 4062 669 4114; x_wconf 85' lang='lat' dir='ltr'>sunt</span> <span class='ocrx_word' id='word_1_281' title='bbox 687 4055 850 4114; x_wconf 74' lang='lat' dir='ltr'>necessarii&gt;</span> <span class='ocrx_word' id='word_1_282' title='bbox 864 4057 893 4114; x_wconf 91' lang='lat' dir='ltr'>in</span> <span class='ocrx_word' id='word_1_283' title='bbox 907 4055 1087 4114; x_wconf 85' lang='lat' dir='ltr'>consessione</span> <span class='ocrx_word' id='word_1_284' title='bbox 1101 4052 1286 4112; x_wconf 87' lang='lat' dir='ltr'>declaranda:</span> <span class='ocrx_word' id='word_1_285' title='bbox 1308 4052 1344 4110; x_wconf 89' lang='lat' dir='ltr'>de</span> 
     </span>
     <span class='ocr_line' id='line_1_36' title="bbox 254 4149 1345 4226; baseline -0.002 -16"><span class='ocrx_word' id='word_1_286' title='bbox 254 4152 348 4212; x_wconf 88' lang='lat' dir='ltr'>dubiis</span> <span class='ocrx_word' id='word_1_287' title='bbox 371 4163 465 4212; x_wconf 89' lang='lat' dir='ltr'>autem</span> <span class='ocrx_word' id='word_1_288' title='bbox 486 4171 545 4212; x_wconf 90' lang='lat' dir='ltr'>non</span> <span class='ocrx_word' id='word_1_289' title='bbox 564 4153 665 4214; x_wconf 88' lang='lat' dir='ltr'>eadem</span> <span class='ocrx_word' id='word_1_290' title='bbox 684 4165 728 4214; x_wconf 85' lang='lat' dir='ltr'>cst</span> <span class='ocrx_word' id='word_1_291' title='bbox 747 4157 876 4215; x_wconf 88' lang='lat' dir='ltr'>omniurn</span> <span class='ocrx_word' id='word_1_292' title='bbox 896 4155 1045 4212; x_wconf 81' lang='lat' dir='ltr'>sententia.</span> <span class='ocrx_word' id='word_1_293' title='bbox 1088 4153 1121 4211; x_wconf 80' lang='lat' dir='ltr'>Si</span> <span class='ocrx_word' id='word_1_294' title='bbox 1148 4154 1212 4226; x_wconf 84' lang='lat' dir='ltr'>quis</span> <span class='ocrx_word' id='word_1_295' title='bbox 1237 4149 1345 4224; x_wconf 89' lang='lat' dir='ltr'>aliquid</span> 
     </span>
    </p>
   </div>
   <div class='ocr_carea' id='block_1_7' title="bbox 247 4298 1346 4562">
    <p class='ocr_par' dir='ltr' id='par_1_9' title="bbox 247 4298 1346 4562">
     <span class='ocr_line' id='line_1_37' title="bbox 289 4298 1346 4388; baseline 0 -20"><span class='ocrx_word' id='word_1_296' title='bbox 289 4319 331 4386; x_wconf 92' lang='lat' dir='ltr'>(l)</span> <span class='ocrx_word' id='word_1_297' title='bbox 352 4319 437 4372; x_wconf 82' lang='lat' dir='ltr'>Gonst</span> <span class='ocrx_word' id='word_1_298' title='bbox 449 4298 701 4388; x_wconf 79' lang='lat' dir='ltr'>Supremoomnium</span> <span class='ocrx_word' id='word_1_299' title='bbox 713 4322 879 4384; x_wconf 81' lang='lat' dir='ltr'>ecclesiarum,</span> <span class='ocrx_word' id='word_1_300' title='bbox 888 4322 935 4371; x_wconf 89' lang='lat' dir='ltr'>vol.</span> <span class='ocrx_word' id='word_1_301' title='bbox 946 4321 963 4370; x_wconf 90' lang='lat' dir='ltr'>i.</span> <span class='ocrx_word' id='word_1_302' title='bbox 975 4321 1040 4371; x_wconf 87' lang='lat' dir='ltr'>Bull.</span> <span class='ocrx_word' id='word_1_303' title='bbox 1053 4337 1078 4386; x_wconf 93' lang='lat' dir='ltr'>p.</span> <span class='ocrx_word' id='word_1_304' title='bbox 1091 4321 1149 4368; x_wconf 83' lang='grc'><strong>535.</strong></span> <span class='ocrx_word' id='word_1_305' title='bbox 1160 4325 1185 4368; x_wconf 87' lang='lat' dir='ltr'>et</span> <span class='ocrx_word' id='word_1_306' title='bbox 1198 4317 1284 4367; x_wconf 81' lang='lat' dir='ltr'>Oonst.</span> <span class='ocrx_word' id='word_1_307' title='bbox 1299 4314 1346 4368; x_wconf 74' lang='lat' dir='ltr'>Ubi</span> 
     </span>
     <span class='ocr_line' id='line_1_38' title="bbox 247 4405 557 4470; baseline 0.016 -17"><span class='ocrx_word' id='word_1_308' title='bbox 247 4405 378 4470; x_wconf 79' lang='lat' dir='ltr'>primum,</span> <span class='ocrx_word' id='word_1_309' title='bbox 388 4405 436 4455; x_wconf 87' lang='lat' dir='ltr'>vol.</span> <span class='ocrx_word' id='word_1_310' title='bbox 444 4406 469 4454; x_wconf 89' lang='lat' dir='ltr'>ii.</span> <span class='ocrx_word' id='word_1_311' title='bbox 480 4423 504 4470; x_wconf 89' lang='lat' dir='ltr'>p.</span> <span class='ocrx_word' id='word_1_312' title='bbox 517 4410 557 4458; x_wconf 81' lang='lat'>54.</span> 
     </span>
     <span class='ocr_line' id='line_1_39' title="bbox 290 4486 1309 4562; baseline -0.017 -7"><span class='ocrx_word' id='word_1_313' title='bbox 290 4489 332 4555; x_wconf 80' lang='lat'>(2)</span> <span class='ocrx_word' id='word_1_314' title='bbox 351 4486 381 4536; x_wconf 75' lang='lat' dir='ltr'>L·</span> <span class='ocrx_word' id='word_1_315' title='bbox 394 4488 425 4542; x_wconf 79' lang='lat' dir='ltr'>vi·</span> <span class='ocrx_word' id='word_1_316' title='bbox 436 4505 461 4539; x_wconf 84' lang='lat' dir='ltr'>n·</span> <span class='ocrx_word' id='word_1_317' title='bbox 470 4491 528 4540; x_wconf 79' lang='lat'>491·</span> <span class='ocrx_word' id='word_1_318' title='bbox 742 4497 784 4562; x_wconf 85' lang='lat' dir='ltr'>(a)</span> <span class='ocrx_word' id='word_1_319' title='bbox 804 4491 833 4547; x_wconf 73' lang='lat'>111</span> <span class='ocrx_word' id='word_1_320' title='bbox 845 4493 925 4544; x_wconf 64' lang='lat' dir='ltr'>sanos</span> <span class='ocrx_word' id='word_1_321' title='bbox 937 4492 969 4544; x_wconf 69' lang='lat' dir='ltr'>aa</span> <span class='ocrx_word' id='word_1_322' title='bbox 980 4491 1095 4552; x_wconf 71' lang='lat' dir='ltr'>mona,</span> <span class='ocrx_word' id='word_1_323' title='bbox 1106 4487 1309 4555; x_wconf 69' lang='lat' dir='ltr'>anscaapoenn</span> 
     </span>
    </p>
   </div>
   <div class='ocr_carea' id='block_1_8' title="bbox 0 0 1590 5172">
    <p class='ocr_par' dir='ltr' id='par_1_10' title="bbox 0 0 1590 5172">
     <span class='ocr_line' id='line_1_40' title="bbox 0 0 1590 5172; baseline 0 0"><span class='ocrx_word' id='word_1_324' title='bbox 0 0 1590 5172; x_wconf 95' lang='lat' dir='ltr'> </span> 
     </span>
    </p>
   </div>
  </div>
 </body>
</html>
