3124 5168
354 1414 779 1512 THEOLOGIAE
832 1415 1146 1508 MORALIS

519 1823 848 1899 TRACTATUS
887 1822 975 1898 XV.

342 2071 404 2136 DE
427 2071 757 2136 SACRAMEN'I'IS
779 2071 830 2135 IN
853 2069 1143 2136 UNIVERSUM.

657 2533 799 2594 CAPUT
819 2533 843 2594 Ι.

555 2747 594 2791 ΒΕ
615 2751 750 2792 stamma
768 2751 808 2795 ΕΤ
829 2749 939 2792 FORMA.

240 2917 266 2970 l.
287 2909 335 2972 Da
349 2914 532 2970 sacramentis
541 2913 604 2989 jam
619 2911 682 2970 susc
694 2913 816 2990 egimus,
828 2909 895 2968 dum
904 2909 1044 2968 Ecclesia
1055 2909 1186 2990 dogmata
1193 2922 1291 2975 contra

110 3037 113 3042 ·
198 3011 360 3070 Novatores
374 3010 604 3070 vindicaremus:
626 3010 678 3068 scd
697 3011 779 3088 plura
798 3029 861 3082 quae
875 3006 911 3066 ad
926 3028 1020 3068 mores
1034 3019 1163 3085 spectant
1175 3023 1293 3074 manent

198 3101 385 3188 explicanda:
401 3128 463 3184 quae
477 3119 508 3169 ut
517 3109 620 3167 rectius
629 3107 832 3185 intelligantur,
842 3107 980 3165 nonnulla
987 3108 1049 3183 jam
1058 3107 1132 3165 dicta
1141 3111 1293 3168 recolenda

116 3276 119 3280 .
196 3220 286 3268 erum.
328 3210 545 3269 Sacramentum
559 3217 603 3266 est
622 3227 668 3266 res
690 3208 821 3266 sensibus
842 3207 978 3283 subjecta,
993 3223 1067 3278 quae,
1083 3224 1120 3264 cx
1141 3205 1199 3266 Dei
1212 3207 1292 3268 iusti·

110 3379 114 3386 1
137 3345 139 3350 .
197 3310 314 3375 tutione,
329 3309 482 3365 sanctitatis
496 3317 525 3366 et
534 3308 662 3384 justitiae,
676 3318 735 3366 turn
749 3304 953 3384 significandas,
969 3314 1028 3365 tum
1048 3304 1216 3376 efficienda,
1231 3309 1290 3369 viru

198 3400 310 3464 habet¹
350 3405 468 3484 Septem
483 3413 551 3462 suut
564 3423 644 3463 uovae
664 3406 736 3482 legis
759 3409 944 3473 sacramenta,
966 3404 1101 3464 videlicet
1119 3405 1289 3482 baptismus,

197 3503 385 3571 confirmatio,
399 3501 580 3572 eucharistia,
595 3503 770 3580 penitentia,
784 3515 911 3562 extrema
933 3505 1039 3570 unctio,
1054 3503 1125 3562 ordo
1146 3514 1174 3560 et
1193 3510 1289 3565 matri·
1334 3583 1336 3588 Α

198 3597 355 3663 monium.²
375 3603 505 3663 “Omnia
514 3602 720 3672 sacramenta,'’
734 3603 827 3676 inquit
840 3602 989 3680 Eugenius
1003 3601 1057 3662 IV.
1069 3603 1098 3661 in
1112 3600 1225 3664 decreto
1238 3625 1291 3684 pro

197 3703 343 3772 Armenis,
352 3703 381 3761 in
395 3701 518 3762 concilio
531 3701 698 3761 Florentino
711 3701 797 3770 edito,
813 3704 934 3760 “tribus
948 3701 1142 3778 perficiuntur,
1156 3704 1290 3764 videlicet

197 3803 281 3862 rebus
295 3814 439 3874 tamquam
454 3801 580 3868 materia,
594 3801 691 3859 verbis
702 3809 846 3874 tamquam
866 3800 967 3868 forma,
983 3811 1011 3858 et
1032 3819 1154 3878 persona
1167 3804 1290 3864 ministri

198 3899 370 3961 conferentis
384 3909 592 3959 sacramentum
607 3920 672 3959 cum
686 3900 842 3960 intentione
865 3898 987 3958 faciendi
1011 3901 1088 3972 quod
1109 3899 1174 3959 saoit
1187 3901 1290 3961 Eccle-

198 4001 260 4058 sia:
283 4017 403 4072 quorum
416 4001 441 4059 si
455 3999 563 4073 aliquid
575 3998 659 4068 desit,
674 4018 732 4058 non
745 3999 889 4076 perficitur
902 3992 1159 4057 sacramentum.”³
1274 3979 1280 3988 ⁰

238 4103 268 4156 2.
290 4095 425 4156 Materia
437 4099 606 4157 sacramenti
619 4119 635 4156 a
647 4099 753 4157 scholae
767 4097 930 4157 doctoribus
944 4098 1021 4157 dicta
1040 4107 1084 4154 est
1102 4115 1149 4154 res
1171 4114 1234 4166 quae
1255 4095 1291 4154 ad

198 4197 368 4257 sacramenti
390 4197 597 4258 confectionem
619 4197 778 4266 adhibetur,
792 4216 829 4255 v:
850 4217 885 4274 g:
908 4216 982 4270 aqua
996 4195 1025 4252 in
1041 4195 1195 4270 baptismo,
1209 4195 1290 4270 panis

198 4306 227 4354 ct
239 4299 337 4357 vinum
352 4297 382 4355 in
396 4295 576 4366 eucharistia,
590 4296 685 4358 oleum
708 4297 738 4356 iu
760 4307 889 4355 extrema
901 4296 1054 4360 unctione;
1076 4291 1122 4349 vel
1135 4303 1214 4352 actus
1228 4313 1291 4353 sen·

234 4485 276 4550 (l)
296 4483 352 4534 Ost.
363 4481 435 4552 Runa
441 4499 502 4552 pur.
513 4483 538 4536 ii.
548 4501 569 4534 c.
580 4479 626 4534 i.'n
640 4485 678 4533 to.
800 4480 842 4545 (2)
864 4477 941 4529 Cone.
952 4476 1021 4527 Trid.
1032 4477 1094 4529 Sese.
1106 4478 1146 4528 vii.
1162 4477 1228 4531 Gan.
1241 4481 1257 4529 i.

561 4569 603 4635 (3)
622 4567 689 4618 Inter
700 4564 778 4616 Ocno.
790 4563 855 4613 Flor.
867 4569 927 4614 scta

236 4645 313 4706 Vou.
328 4646 445 4706 tlt-2
