3108 5162
262 519 322 578 ³³4
459 514 517 576 DE
537 509 856 574 lMPEDIMENTIS
877 509 1152 573 MATRIMONII.

257 683 337 760 jugis
359 684 474 742 nomine
498 681 631 748 invisunt,
652 681 706 740 etri
726 681 787 740 alise
810 697 876 738 cum
897 679 1000 752 quibus
1015 681 1076 758 jam
1097 689 1315 739 consueverunt
1329 680 1362 737 in

262 781 334 840 vivis
354 779 466 858 degant,
487 780 533 838 vel
552 780 588 838 de
607 798 705 838 earum
726 788 816 840 morte
836 797 895 839 uon
916 788 1046 847 constct;
1072 779 1124 838 sed
1143 778 1304 839 curandum
1329 789 1364 836 ut

262 898 361 940 verum
374 899 439 944 cum
453 881 501 940 illa
514 881 623 939 ineatur
635 879 811 957 conjugium.

305 983 372 1038 142.
394 980 430 1040 Iu
442 979 587 1040 nonnullis
607 978 732 1037 Statibus
749 975 929 1037 matrimonia
948 978 1020 1036 inter
1041 976 1173 1036 homines
1187 978 1246 1036 albi
1260 986 1290 1035 et
1302 995 1362 1036 eos

263 1079 314 1152 qui
326 1079 400 1156 ulgri
413 1089 479 1139 sunt
491 1079 593 1139 coloris
606 1078 669 1154 lege
683 1076 878 1154 prohibentor,
892 1084 921 1132 et
933 1077 1009 1134 irrita
1022 1076 1170 1134 habentur.
1212 1076 1273 1136 Sed
1285 1077 1359 1154 lege

263 1179 403 1238 Ecclesiae
413 1179 514 1245 volem,
525 1179 698 1249 ubicumque
712 1196 771 1236 non
781 1183 912 1234 occurrat
921 1175 1032 1234 servilis
1045 1175 1216 1234 conditionis
1230 1176 1362 1252 impedi·

263 1287 400 1338 mentum.
422 1277 454 1335 Si
468 1277 613 1354 contingat
625 1276 744 1349 aliquod
757 1275 831 1344 iuiri,
845 1283 990 1347 nequeunt
1002 1273 1147 1350 prohiberi
1160 1277 1354 1334 sacramentis

261 1377 298 1435 ob
311 1376 383 1452 legis
397 1376 525 1443 vetitum,
538 1376 584 1434 rel
597 1376 741 1452 publicam
754 1375 939 1452 opinionem3
954 1392 1020 1432 uam
1030 1383 1148 1432 utuntur
1156 1375 1223 1452 jure
1232 1385 1357 1440 naturae,

262 1474 396 1534 Ecclesia
409 1474 486 1534 haud
503 1474 677 1552 prohibente.

304 1577 371 1632 143.
398 1574 470 1634 Jure
492 1574 568 1632 cirili
589 1574 704 1632 libertas
726 1573 796 1632 olim
819 1572 1017 1645 acquirebatur
1039 1573 1229 1632 matrimonio.
1271 1573 1296 1630 I.
1317 1573 1358 1631 Si

262 1671 394 1732 dominus
415 1672 508 1732 dotale
528 1674 746 1731 instrumentum
768 1673 918 1732 contulerit
937 1671 1046 1729 ancille
1067 1667 1269 1730 contrahenti.¹
1309 1671 1355 1730 11.

262 1771 385 1838 Quando
407 1771 541 1831 dominus
563 1773 694 1830 ancillam
714 1772 743 1829 ln
766 1773 918 1850 conjugem
944 1769 1110 1846 accipiebat.
1151 1771 1207 1829 Ill.
1229 1770 1357 1838 Quando

261 1869 394 1932 dominus
421 1890 533 1930 servam
557 1871 740 1930 matrimonio
760 1872 875 1930 tradidit
894 1870 973 1929 alteri
992 1869 1083 1930 libero
1102 1871 1266 1928 servientem
1287 1871 1353 1948 ejus

261 1967 429 2050 ignoranti.2

303 2075 370 2129 144.
399 2070 507 2130 Votum
520 2070 647 2128 solemne
661 2069 796 2128 castitatis
817 2089 853 2128 cx
876 2069 940 2146 lege
961 2069 1099 2128 Ecclesiae
1112 2069 1188 2128 obex
1201 2078 1246 2127 est
1258 2071 1354 2128 matri·

261 2171 349 2228 monii
366 2169 470 2226 valeri:
492 2175 625 2226 statutum
639 2178 692 2236 est,
707 2168 827 2236 scilicet,
848 2187 914 2228 cum
930 2169 979 2242 qui
993 2178 1069 2228 tanto
1083 2169 1198 2226 vinculo
1212 2187 1243 2226 se
1257 2168 1348 2246 palam

261 2266 448 2326 adstrinxerat
467 2265 543 2335 Deo,
564 2285 622 2326 non
650 2285 737 2345 posse
758 2268 925 2346 conjugium
955 2269 1038 2326 inire.
1089 2267 1196 2326 Votum
1222 2267 1349 2326 solemne

260 2364 371 2438 dicitnr,
399 2366 477 2440 qued
497 2367 527 2425 in
553 2367 690 2444 religione
711 2369 828 2444 probata
848 2367 994 2434 emittitur,
1021 2366 1098 2424 etin
1118 2377 1286 2443 perpetuum
1310 2369 1344 2425 ab

261 2465 395 2526 Ecclesia
417 2475 591 2544 acceptatur,
620 2466 691 2526 adeo
717 2475 748 2524 ut
773 2485 826 2526 nec
860 2465 991 2543 professo
1017 2464 1101 2524 liceat
1125 2465 1268 2535 recedere,
1294 2484 1348 2525 nec

261 2565 401 2642 superiori
423 2584 489 2625 eum
509 2573 635 2639 unquam
657 2565 808 2624 dimittere.
850 2564 934 2633 Illud,
956 2565 1031 2623 siem
1043 2574 1072 2622 ct
1084 2564 1213 2624 ordinem
1226 2585 1349 2634 saemm,

260 2665 372 2723 obstare
392 2665 481 2722 valoti
501 2664 685 2732 matrimonii,
706 2682 744 2722 ex
760 2664 889 2740 pluribus
902 2660 1087 2733 canonibus?
1101 2673 1130 2721 et
1142 2665 1297 2741 pracsertim
1311 2683 1349 2724 ex

260 2763 383 2820 concilio
397 2758 583 2820 Tridentino⁴
595 2770 715 2819 constat.
758 2761 866 2819 Votum
886 2763 1010 2838 simplex
1024 2763 1160 2821 castitatis
1174 2765 1203 2822 in
1216 2765 1350 2823 societate

257 2857 331 2918 Iesu
345 2869 411 2934 post
423 2859 571 2918 biennium
594 2859 728 2934 tyrocinii
748 2861 898 2930 emissum,
922 2880 959 2919 ex
979 2863 1043 2938 lege
1064 2862 1194 2938 speciali,
1208 2863 1300 2920 obstat
1312 2883 1349 2922 ne

259 2956 352 3016 valeat
365 2958 574 3018 matrimonium
588 2978 605 3016 a
618 2967 739 3018 vovente
752 2959 889 3037 deinceps
902 2957 1031 3019 initum.⁵
1060 2960 1150 3019 “Eos
1163 2963 1213 3034 qui
1227 2963 1350 3021 scienter

261 3098 268 3115 .
285 3098 313 3116 ..
328 3076 392 3116 cum
414 3058 584 3118 monialibus
605 3059 770 3118 contrahere
785 3058 1026 3119 matrimonialiter
1039 3078 1097 3117 non
1109 3070 1259 3129 verentem
1283 3080 1349 3120 nec-

256 3176 318 3216 non
332 3158 508 3236 Religiosos,
533 3167 561 3216 ct
580 3159 729 3228 moniales,
753 3178 785 3217 ac
805 3161 925 3219 clericos
939 3160 969 3216 in
982 3159 1071 3217 sacris
1084 3158 1229 3219 ordinibus
1243 3163 1348 3220 consti·

261 3267 335 3316 tutos
362 3259 543 3318 matrimonia
568 3260 768 3318 contrahentes
869 3259 1176 3318 excommunicationis
1202 3261 1350 3320 sententiae

260 3357 325 3432 ipso
337 3357 413 3418 sacto
426 3357 594 3437 subjacere”
610 3357 736 3417 decrevit
749 3357 887 3418 Clemens
901 3359 939 3415 V.
955 3376 1030 3416 anno
1046 3353 1151 3416 11111.ὁ

303 3460 370 3516 145.
395 3458 557 3536 Cognatio,
581 3459 642 3517 sire
662 3457 772 3536 legalis,
794 3458 854 3516 sive
868 3457 1034 3536 spiritualis,
1049 3457 1142 3516 obstat
1154 3459 1243 3517 valeri
1257 3460 1350 3517 matri·

260 3557 360 3612 monii.
382 3556 510 3633 Legalt'e
521 3558 695 3630 diciturque
705 3559 767 3634 lege
778 3556 893 3616 indocta
901 3568 945 3616 est
955 3556 991 3614 ob
1002 3555 1183 3633 adoptionem
1194 3557 1348 3634 perfectam

260 3650 380 3724 alicujus
394 3653 424 3708 in
437 3653 528 3710 filium
548 3655 595 3710 vel
618 3655 717 3723 filiam,
741 3675 805 3714 oum
823 3657 889 3732 jure
903 3655 1083 3714 hereditatis.
1125 3657 1196 3715 Jure
1211 3658 1348 3716 canonico

258 3747 396 3824 adoptans
423 3750 522 3820 nequit
553 3748 658 3808 ducere
681 3755 710 3810 in
741 3771 859 3810 uxorem
891 3773 976 3826 quam
1008 3756 1036 3812 ln
1071 3755 1159 3815 filiam
1187 3756 1346 3833 adoptavit3

256 3867 309 3910 nec
334 3857 428 3926 potest
453 3849 667 3908 matrimonium
687 3851 750 3909 iniri
771 3852 844 3910 inter
869 3853 1032 3930 adoptatum
1058 3862 1087 3912 et
1111 3874 1232 3914 uxorem
1258 3856 1346 3932 adop-

256 3951 352 4020 tantis,
366 3951 413 4010 vel
426 3949 511 4020 filios,
525 3950 660 4025 quamdiu
675 3951 772 4030 patriae
793 3953 923 4029 potestati
936 3952 1160 4031 subjiciunturr⁷
1179 3954 1231 4014 sed
1244 3974 1343 4028 quum,

293 4140 335 4204 (l)
355 4137 384 4187 L.
396 4154 438 4190 un.
450 4155 471 4188 o.
483 4139 512 4190 dc
524 4139 603 4192 Latin
615 4137 694 4192 libert.
780 4142 823 4206 (2)
840 4139 958 4191 Anthent.
970 4140 1010 4190 ,td
1021 4139 1080 4189 hac.
1091 4157 1116 4190 e
1124 4140 1153 4191 dc
1165 4139 1244 4192 Latin
1255 4139 1335 4193 eber.

294 4223 337 4288 (³)
356 4221 410 4271 Lat
422 4223 437 4272 i.
449 4239 501 4289 cap.
512 4224 563 4276 xxi.
575 4230 600 4273 et
610 4223 665 4274 Lat.
676 4224 701 4277 ii.
712 4241 733 4276 c.
745 4225 787 4275 vii.
797 4231 822 4275 st
833 4241 885 4290 cap.
896 4242 939 4278 un.
950 4224 979 4276 de
990 4227 1050 4275 voto.
1062 4223 1090 4276 in
1101 4229 1125 4278 6.

294 4305 336 4372 (t)
356 4305 422 4355 Sese.
432 4309 499 4358 xxiv.
511 4325 566 4357 can.
574 4309 608 4357 ix.

254 4439 255 4444 ,
293 4393 336 4459 (5)
355 4391 419 4440 Vide
428 4395 520 4444 bullam
532 4393 605 4456 Greg.
615 4395 686 4447 XIII.
698 4395 849 4448 adscendente
861 4395 980 4447 Domitio.

293 4477 335 4545 (6)
357 4475 436 4528 Olem.
447 4477 476 4528 de
488 4478 717 4548 consanguinitate.
786 4483 829 4551 (7)
849 4481 911 4548 Gap.
921 4481 988 4533 unlc.
999 4479 1028 4532 dc
1039 4483 1119 4532 cunct.
1128 4477 1211 4549 legob.
