3124 5168
217 548 255 602 60
541 539 598 599 DE
620 539 990 601 CONFIRMATIONE.

215 717 312 770 sancta
324 707 393 766 sede
407 707 537 766 tributam
551 706 756 767 sacerdotibus.
798 707 856 774 Qui
877 709 984 781 absque
1003 711 1138 768 cavania
1157 709 1186 768 id
1206 727 1304 788 aggre-

216 809 337 876 deretur,
348 816 479 884 peccaret
494 807 626 883 gravitcr,
639 815 668 865 et
680 806 853 884 probabilius
870 807 912 865 nil
925 807 1087 866 conticeret.
1110 809 1205 867 Gracci
1215 810 1302 886 pluri·

215 895 277 968 rhss
291 907 360 966 alias
369 925 463 965 rerum
473 905 656 982 fragrantium
667 907 780 983 species
788 906 852 965 oleo
862 905 1028 975 admiscent
1040 907 1198 966 cavendum
1208 918 1303 967 tamen

214 1015 388 1067 monuerunt
400 1014 493 1082 patres
509 1005 616 1082 synodi
637 1005 804 1072 Zamosciae,
819 1023 894 1063 anuo
914 1009 1001 1075 1720,
1018 1014 1080 1064 “ut
1097 1008 1224 1065 maxima
1237 1025 1302 1083 pars

214 1106 376 1166 chrismatis
396 1122 510 1182 semper
529 1105 566 1162 sit
585 1104 680 1163 oleum
694 1105 821 1162 balsamo
846 1103 1001 1163 mixtum.”
1056 1105 1302 1181 Significationem
1383 1153 1389 1162 ,

215 1205 376 1265 chrismatis
390 1203 508 1280 pulchre
522 1204 646 1279 explicat
659 1203 691 1260 S.
710 1203 860 1262 Thomas:
883 1210 902 1238 ‘⁸
915 1203 1013 1261 Gratia
1026 1203 1149 1280 Spiritus
1164 1204 1262 1262 Sancti
1272 1204 1302 1260 in

215 1303 279 1362 oleo
291 1302 470 1380 designatur:
485 1301 561 1360 unde
575 1300 708 1360 Christus
723 1301 826 1360 dicitur
838 1319 902 1359 esse
916 1312 1017 1360 unctus
1026 1303 1091 1360 olco
1101 1303 1203 1362 laetitiae
1216 1322 1302 1380 prop·

214 1412 257 1460 ter
269 1400 476 1479 plenitudinem
490 1401 614 1476 Spiritus
629 1401 737 1470 Sancti,
752 1419 838 1474 quam
851 1399 964 1459 habuit:
980 1409 1008 1458 et
1027 1399 1092 1460 ideo
1109 1400 1205 1461 oleum
1226 1420 1303 1460 com·

214 1502 284 1577 petit
297 1501 420 1559 materiae
433 1500 520 1577 hujus
534 1500 714 1559 sacramenti.
747 1499 929 1558 Admiscetur
941 1507 1035 1558 autem
1048 1500 1205 1560 balsamum
1220 1519 1303 1577 prop·

215 1608 257 1658 ter
270 1599 449 1678 fragrantiam
458 1597 554 1656 odoris
565 1617 628 1672 quae
642 1598 782 1658 redundat
796 1597 832 1656 ad
845 1598 915 1656 alios
928 1598 1053 1657 r-unde
1068 1600 1223 1677 Apostolus
1237 1599 1305 1658 dicit

214 1703 233 1757 2
248 1697 318 1757 Oor.
332 1703 351 1757 2
366 1697 476 1756 Christi
490 1697 581 1755 bonus
595 1698 667 1756 odor
679 1717 778 1757 sumus
793 1690 907 1756 Deo.”¹

224 1819 227 1826 ·
253 1803 284 1856 2.
299 1797 331 1856 S.
343 1797 510 1874 Alphonsus
519 1797 566 1854 ait:
579 1799 681 1874 “juxta
689 1805 814 1855 nostram
822 1796 990 1854 sententiam
1001 1795 1077 1869 quod
1086 1798 1203 1856 materia
1212 1796 1303 1854 totalis

214 1895 360 1970 adaequata
373 1895 595 1954 confirmationis
609 1895 757 1954 estunctio
766 1895 926 1952 chrismatis
941 1913 1026 1952 manu
1038 1895 1169 1971 episcopi
1179 1905 1302 1971 peracta,

214 1994 417 2053 advertendum
431 2003 475 2052 est
494 1993 530 2052 de
551 1995 674 2053 essentia
694 1994 863 2052 sacramenti
883 2011 947 2050 esse
968 1993 992 2050 Ι.
1023 1993 1064 2050 Ut
1083 1995 1179 2052 unctio
1200 1993 1250 2050 fiat
1269 1993 1303 2052 in

202 2091 321 2174 fronte,
336 2103 420 2170 prout
433 2093 550 2150 habetur
563 2112 600 2150 ex
613 2113 677 2170 cap.
691 2071 763 2152 unic
777 2091 812 2150 dc
829 2089 914 2150 Sacc.
934 2089 1089 2159 Unctiooe,
1103 2100 1131 2149 et
1140 2091 1301 2154 exdecreto

214 2192 340 2268 Eugenii
366 2191 420 2250 1v.
443 2193 527 2268 juxta
551 2185 735 2252 communem
760 2178 954 2259 sententiam,
969 2207 1053 2263 quam
1080 2199 1155 2248 tenet
1180 2191 1300 2257 Suamz,

214 2289 358 2364 Coniuch.
386 2289 528 2366 Laymau,
543 2300 571 2349 et
591 2291 639 2349 alii
658 2309 725 2348 cum
745 2288 836 2348 Salm.
858 2308 883 2347 c.
898 2291 918 2348 i.
940 2307 969 2346 n.
990 2293 1041 2346 24.
1083 2289 1123 2347 11.
1146 2289 1187 2348 Ut
1204 2291 1301 2348 unctio

212 2389 262 2448 fiat
274 2387 538 2471 insormucruct's,
549 2390 633 2467 juxta
646 2390 679 2447 S.
694 2388 804 2447 Thom.
814 2392 843 2446 3.
858 2407 888 2466 p.
904 2407 952 2462 qu.
967 2392 1065 2447 72art.
1080 2391 1109 2446 4.
1124 2387 1159 2446 ad
1173 2392 1201 2446 3.
1215 2407 1299 2461 quem

213 2489 499 2548 communicandam
514 2487 644 2548 doctores
657 2498 814 2562 sequuntur
828 2486 903 2564 apud
924 2487 1014 2546 Salm.
1029 2487 1134 2545 ibide-m
1155 2506 1235 2546 num.
1250 2491 1299 2544 25.

212 2587 268 2646 ΙΙΙ.
292 2589 333 2646 Ut
345 2589 441 2646 unctio
458 2588 507 2644 fiat
520 2605 577 2664 pcr
590 2605 716 2646 monum
728 2585 827 2663 ipsius
842 2584 973 2662 episcopi
985 2584 1204 2654 ministrantis,
1219 2594 1303 2662 prout

213 2685 318 2743 docent
342 2685 461 2752 Suarez,
490 2682 703 2762 Castropalaus,
725 2683 767 2740 La
788 2681 880 2740 Croix
906 2692 934 2740 et
963 2677 1061 2740 atti.”²
1101 2683 1206 2740 Peccat
1224 2685 1299 2760 epis·

212 2801 302 2859 copus
314 2783 363 2855 qui
376 2783 431 2840 alio
442 2782 532 2858 digito
545 2800 629 2854 quam
644 2781 748 2858 pollice
759 2781 881 2838 dexterae
893 2799 994 2839 manus
1004 2780 1068 2839 linit
1080 2780 1201 2840 frontem
1211 2782 1300 2840 chris·

212 2890 298 2948 mate,
307 2891 405 2939 contra
417 2899 500 2938 usum
514 2879 653 2938 Ecclesia
663 2901 671 2950 ;
683 2879 735 2938 sed
745 2880 914 2938 anounullis
925 2880 1028 2957 agravi
1040 2881 1124 2956 culpa
1137 2891 1298 2948 excusatur,

187 3050 195 3065 .
212 2981 271 3039 imo
285 2981 319 3038 ab
340 2980 429 3047 omni,
443 2980 468 3036 si
488 2978 593 3056 digitus
614 2979 661 3062 hic
682 2979 813 3037 infirmus
834 2979 889 3047 sit;
904 2979 979 3036 valet
998 2980 1105 3056 quippe
1124 2982 1222 3039 unctio
1243 2981 1300 3039 alio

212 3079 302 3157 digito
316 3079 398 3147 facta,
414 3097 502 3152 quum
516 3080 555 3136 sit
568 3097 633 3137 vera
647 3097 747 3136 manus
760 3078 918 3154 impositio,
934 3088 961 3135 et
974 3097 1043 3136 usus
1058 3097 1116 3137 uon
1126 3078 1236 3137 videtur
1246 3079 1299 3136 sub

213 3181 291 3257 gravi
305 3179 449 3256 obligare:
472 3179 520 3236 alii
534 3186 626 3236 tamen
640 3178 828 3236 ,communius
849 3175 989 3236 affirmant
1007 3196 1073 3236 eum
1093 3178 1215 3254 graviter
1233 3195 1299 3254 pec·

213 3296 288 3335 care.

251 3380 280 3434 3.
302 3375 372 3434 Non
386 3375 460 3433 valet
472 3377 570 3436 unctio
583 3376 655 3435 facta
665 3376 760 3436 medio
770 3377 968 3446 instrumento,
984 3385 1004 3416 ‘⁸
1013 3379 1080 3451 quia
1089 3370 1155 3436 tunc
1169 3377 1301 3436 deficeret

212 3474 376 3534 immediata
397 3476 542 3552 impositio
563 3494 664 3534 manus
685 3477 816 3544 ministri,
838 3495 901 3549 quae
926 3477 1043 3534 omnino
1062 3477 1230 3547 requiritur;
1251 3475 1299 3531 illa

212 3583 304 3630 autem
333 3573 455 3630 mediata
487 3575 634 3650 impositio
659 3574 815 3650 improprie
836 3575 981 3649 impositio
1001 3570 1137 3630 dicitur.'’
1180 3571 1299 3631 “Circa

212 3679 305 3728 autem
319 3671 503 3744 quantitatem
524 3671 694 3738 chrismatis,
709 3690 743 3728 ea
756 3671 864 3730 sufficit
876 3680 905 3729 et
924 3672 1084 3744 requiritur,
1099 3689 1161 3743 quae
1180 3673 1248 3728 satis
1263 3671 1300 3728 sit

211 3769 246 3827 ad
258 3767 420 3847 ungendam
434 3767 555 3827 frontem
568 3769 755 3828 confirmandi
769 3771 798 3828 in
812 3771 931 3848 figuram
946 3763 1087 3828 crucis.”³

249 3872 279 3927 4.
300 3868 406 3938 Forma
419 3869 597 3937 sacramenti,
611 3877 696 3945 prout
708 3870 737 3926 in
750 3868 861 3928 decreto
874 3888 926 3944 pro
946 3869 1079 3928 Armenis
1094 3869 1220 3939 traditur,
1235 3878 1297 3927 est:

212 3969 334 4047 “Signo
347 3977 374 4026 te
387 3968 471 4045 signo
484 3969 587 4035 crucis,
602 3975 630 4025 et
648 3968 786 4027 confirmo
799 3977 826 4026 te
845 3968 998 4026 chrismate
1017 3968 1117 4026 salutis
1132 3971 1162 4028 in
1182 3969 1299 4028 nomine

212 4070 316 4141 Patris,
331 4079 359 4128 et
378 4068 456 4135 Filii,
471 4075 499 4125 et
520 4067 643 4144 Spiritus
664 4067 795 4125 Sancti.”
838 4067 948 4126 Censet
961 4068 993 4125 S.
1008 4067 1159 4146 Alphonus
1180 4088 1237 4128 non
1252 4088 1298 4125 va-

210 4169 279 4236 lere,
296 4173 323 4227 l.
345 4169 370 4226 si
389 4168 534 4227 omittatur
552 4168 669 4226 verbum
684 4166 786 4246 signo,
800 4167 847 4226 vel
868 4167 1023 4248 confirmo.
1044 4172 1074 4227 2.
1102 4169 1135 4226 Si
1156 4169 1299 4226 omittatur

317 4395 359 4460 (¹)
378 4365 671 4459 iiic-numanati.
706 4395 781 4463 sap.
951 4393 1190 4464 (2)L.vi.n.164.

628 4483 671 4549 (3)
689 4481 789 4543 Ibidem,
800 4497 825 4533 n.
838 4484 895 4532 166.
