3172 5172
553 573 611 633 DE
632 571 941 633 CONTRITIONE.
1269 581 1323 638 141

239 749 351 800 constat
363 747 457 798 autem
470 755 531 797 non
544 738 674 798 sufficere
688 757 750 798 eam
765 752 828 813 qnae
847 757 884 797 ex
897 738 1061 816 hujusmodi
1076 759 1223 816 poenarum
1236 752 1324 811 metu,

241 848 325 916 prout
336 839 365 897 in
378 856 409 896 se
429 846 505 906 sunt,
520 839 617 907 oritur,
631 857 687 898 nec
697 839 775 898 enim
791 840 840 912 qui
854 856 1006 908 carcerem,
1021 839 1177 910 infamiam,
1191 842 1326 918 supplici·

197 962 201 969 ·
240 957 325 997 umve
339 938 419 996 timet
432 938 469 996 ob
490 937 598 995 crimen
620 945 770 1014 patratum,
792 937 913 996 idoneus
939 944 984 995 est
1003 939 1094 997 venire
1117 937 1323 1009 sacramentali,

240 1035 374 1110 quamdiu
388 1036 484 1095 Deum
497 1036 619 1095 ultorem
634 1037 664 1096 in
677 1037 723 1094 his
737 1037 870 1095 omnibus
885 1054 943 1094 non
957 1046 1075 1112 spectat.
1097 1035 1265 1098 Curandum
1279 1048 1323 1097 est

239 1136 356 1194 omuino
368 1144 399 1192 ut
420 1142 552 1212 peccator
571 1153 671 1211 prenae
693 1135 848 1194 inferorum
868 1135 1024 1210 praesertim
1045 1136 1215 1206 consideret,
1235 1156 1271 1196 ne
1290 1137 1325 1195 de

239 1234 346 1300 dolore,
360 1242 455 1292 utrum
468 1233 505 1291 sit
518 1234 749 1311 supernaturalia,
764 1233 885 1292 dubitari
898 1243 991 1305 queat.

277 1337 326 1390 25.
350 1331 494 1390 Contritio
521 1331 716 1408 premittenda
744 1340 787 1390 est
811 1332 993 1400 absolutioni,
1014 1351 1102 1405 quum
1123 1333 1185 1392 haec
1210 1335 1325 1394 nonnisi

237 1431 383 1508 poenitenti
397 1430 488 1490 danda
500 1431 545 1488 sit.
588 1431 708 1491 Praestat
726 1440 757 1489 ut
776 1429 949 1488 confessioni
969 1432 1120 1507 praecedat,
1141 1441 1173 1490 ut
1185 1433 1246 1490 heo
1260 1432 1325 1492 iude

237 1529 363 1606 prodeat:
379 1530 431 1588 scd
445 1530 493 1602 qui
507 1530 613 1604 absque
628 1531 716 1589 animi
730 1529 828 1588 dolore
842 1529 951 1586 efficaci
970 1530 1064 1589 retulit
1082 1531 1244 1590 confitendo
1258 1551 1323 1609 pec·

239 1637 310 1695 cata,
321 1627 440 1689 idoneus
454 1637 497 1687 cst
509 1630 610 1698 venie,
631 1631 657 1688 si
671 1630 795 1706 peccatis
810 1629 958 1687 recensitis
978 1646 1013 1686 ea
1032 1648 1070 1688 ex
1090 1630 1184 1690 animo
1204 1630 1324 1689 deteste-

241 1737 301 1785 tur:
324 1727 398 1800 quod
412 1747 449 1786 ex
462 1746 530 1786 mox
542 1728 662 1788 laudatis
682 1728 805 1786 Ritnalis
825 1729 919 1785 verbis
939 1727 1072 1805 colligere
1086 1738 1138 1787 cst.
1180 1728 1325 1789 Caeterum

238 1827 396 1898 requiritur,
411 1846 451 1886 ex·
461 1830 608 1887 communi
619 1828 817 1904 theologorum
831 1829 980 1895 sententia,
993 1836 1024 1884 ut
1042 1829 1185 1887 confessio
1198 1828 1234 1886 ad
1246 1817 1326 1888 adso-

238 1925 373 1984 lutionem
387 1927 593 2002 impetrandam
607 1929 665 1996 fiat,
680 1927 801 1999 ideoque
815 1945 852 1984 ex
866 1925 989 1999 quodam
1004 1925 1110 1985 doloris
1123 1946 1220 1995 sensu,
1231 1929 1278 1986 vel
1291 1946 1326 1986 eo

238 2025 332 2085 animo
346 2033 377 2083 ut
389 2025 471 2084 dolor
484 2026 620 2103 deinceps
634 2027 791 2084 excitetur:
814 2045 867 2084 nec
887 2027 966 2084 enim
985 2035 1167 2102 peccatorum
1181 2027 1279 2086 relatio
1292 2026 1322 2085 in

238 2123 387 2197 colloquiis
400 2127 543 2183 consuetis
557 2125 662 2183 sufficit
672 2135 703 2182 ut
717 2125 780 2197 quis
795 2126 964 2192 absolvatur,
976 2125 1042 2182 licet
1051 2127 1081 2184 in
1094 2126 1225 2184 tribunali
1239 2125 1324 2194 dicat,

239 2240 270 2279 se
284 2221 319 2280 de
332 2224 368 2280 iis
382 2241 445 2295 quae
466 2224 505 2281 ita
524 2224 655 2282 retulerat
674 2243 711 2282 ex
726 2225 821 2282 animo
836 2223 949 2282 dolere:
970 2211 1044 2283 nam
1064 2225 1206 2284 accusatio
1225 2244 1325 2285 socra-

237 2319 380 2378 mactatis
394 2315 570 2393 requiritur.1
610 2320 752 2381 Contritio
772 2341 835 2395 quae
850 2323 897 2381 diu
911 2324 1057 2398 precessit
1075 2323 1257 2392 confessioni,
1271 2325 1322 2382 vix

239 2437 305 2495 pars
319 2419 487 2477 sacramenti
499 2418 596 2478 haberi
609 2429 719 2496 potest:
741 2420 792 2479 sed
813 2441 876 2494 quae
890 2421 982 2478 elicita
995 2428 1038 2478 est
1051 2421 1146 2479 animo
1160 2422 1325 2488 confitendi,

239 2517 350 2577 videtur
362 2517 502 2586 sufficere,
517 2518 584 2577 licet
595 2520 708 2579 nonnisi
722 2529 788 2596 post
806 2521 884 2579 diem
903 2538 992 2578 unum
1013 2519 1168 2578 alterumve
1182 2521 1326 2580 consessio

237 2616 294 2675 fiat.
334 2617 463 2694 Expedit
476 2617 590 2691 quidem
605 2618 733 2680 dolorem
755 2629 819 2678 ante
838 2618 1059 2689 consessionem,
1080 2620 1127 2676 vel
1147 2620 1249 2678 saltem
1262 2628 1325 2678 ante

237 2716 444 2777 absolutionem
453 2718 555 2776 iterum
569 2719 707 2777 excitare:
723 2721 789 2797 angi
803 2728 896 2778 tamen
910 2720 1005 2778 animo
1018 2738 1076 2779 non
1090 2718 1172 2777 debet
1185 2720 1326 2797 poenitens

236 2817 285 2888 qui
298 2827 414 2893 peccata
427 2816 555 2876 dolenter
565 2816 660 2887 refert,
674 2819 741 2877 licet
754 2819 847 2876 verbis
859 2829 952 2877 actum
963 2819 1141 2878 contritionis
1152 2839 1209 2879 nou
1220 2821 1323 2888 eliciat:

235 2933 295 2973 non
308 2915 385 2973 enim
399 2905 504 2975 doloris
517 2917 610 2985 verba,
632 2917 684 2976 sed
697 2919 759 2994 ipse
773 2918 929 2994 poenitendi
942 2919 1054 2977 animus
1068 2919 1103 2976 ad
1116 2919 1338 2978 sacramentum

236 3014 397 3086 requiritur.
439 3014 534 3073 Debet
555 3017 687 3075 contritio
708 3015 742 3074 ad
762 3026 969 3074 sacramentum
995 3016 1103 3085 referri,
1124 3026 1239 3093 utpars
1265 3018 1327 3093 ejus

236 3112 389 3172 habeatur:
412 3123 582 3191 quapropter
602 3115 765 3192 poenitentis
785 3116 897 3173 animus
921 3114 956 3172 ad
979 3114 1188 3172 confessionem
1208 3115 1328 3190 dirigcn·

235 3210 287 3270 dus
301 3220 361 3271 est:
377 3221 509 3271 caeterum
523 3214 654 3272 nonnulli
667 3223 784 3274 censent
792 3214 934 3282 dolorem,
941 3215 989 3286 qui
1000 3212 1035 3271 ad
1045 3211 1256 3272 confessionem
1267 3230 1326 3270 non

240 3309 324 3370 fuerit
336 3312 449 3381 relatus,
464 3311 606 3371 sufficere.
649 3313 683 3371 Si
696 3314 761 3385 quis
781 3321 847 3390 post
865 3313 1078 3373 confessionem
1092 3313 1185 3371 statim
1199 3310 1327 3370 recorde-

245 3417 289 3467 tur
302 3411 422 3487 pecoati,
437 3411 508 3470 illud
522 3413 692 3470 contritione
707 3413 795 3470 animi
808 3413 908 3471 iterum
921 3411 1084 3470 deflendum
1098 3413 1160 3479 erit,
1175 3420 1206 3470 ut
1219 3410 1330 3469 absolu·

238 3509 345 3570 tionem
372 3529 477 3570 novam
502 3512 595 3588 possit
619 3511 756 3588 recipere,
778 3530 853 3570 nova
872 3511 990 3570 materia
1015 3512 1105 3569 allata.
1148 3509 1180 3569 ld
1206 3509 1323 3568 minime

236 3611 430 3669 necessarium
445 3617 524 3689 putat
536 3628 697 3679 nonnemo:
720 3610 775 3669 sed
785 3612 870 3670 tutior
881 3611 911 3669 in
925 3631 954 3670 re
969 3609 1166 3670 sacramentali
1181 3608 1324 3686 sequenda

239 3717 281 3768 est
293 3709 443 3780 sententia,
457 3728 493 3770 ne
506 3709 585 3769 valor
598 3712 635 3769 sit
648 3709 760 3768 dubius.

538 3889 580 3955 (1)
600 3886 713 3960 sarpa.
726 3888 742 3940 r.
754 3887 785 3940 vr.
797 3889 883 3944 erec
895 3893 954 3940 ειη.
966 3881 1040 3967 sorr.¹
