3124 5168
582 561 639 622 DE
660 561 960 622 SPONSORlBUS.
1277 571 1315 626 66

224 726 341 806 oiplinae
366 727 537 796 christiane,
563 745 622 788 non
653 730 708 788 erit
731 729 814 788 facile
837 728 1014 790 damnandus
1039 731 1150 807 peooeti
1175 732 1312 808 gravioris

224 845 358 905 sponsor,
383 828 433 899 qui
462 827 524 885 haee
549 828 647 887 munia
672 847 731 888 non
750 828 819 896 obit,
845 829 903 887 nisi
921 829 1034 887 noverit
1052 847 1086 886 ea
1111 832 1312 905 aparentibus

224 926 343 1002 negligi.
386 926 467 984 “Ille
488 927 538 999 qui
555 928 677 1004 suscipit
696 926 819 1000 aliquem
842 926 879 984 de
892 946 973 984 sacro
986 927 1096 995 sonte,”
1118 929 1314 988 animadvertit

227 1025 260 1082 S.
276 1024 418 1094 Thomas,
440 1027 589 1084 “assumit
608 1026 664 1084 sibi
677 1025 802 1085 officium
816 1025 982 1102 paedagogi:
1007 1036 1037 1084 et
1048 1025 1113 1083 ideo
1127 1026 1266 1103 obligatur
1278 1028 1314 1086 ad

225 1123 387 1182 habendam
400 1143 499 1184 auram
512 1108 636 1201 de'ipso,
650 1126 675 1184 si
689 1125 842 1184 necessitas
855 1125 1032 1183 immineret:
1047 1125 1121 1182 sicut
1133 1143 1169 1183 eo
1183 1134 1312 1202 tempore

225 1221 348 1290 etlam,
369 1223 399 1280 in
418 1240 475 1294 quo
497 1223 632 1299 baptizati
653 1224 726 1281 inter
738 1223 868 1282 infideles
882 1224 1052 1284 nutriuntur.
1094 1222 1154 1281 Sed
1166 1223 1215 1282 ubi
1228 1226 1303 1283 nutri

227 1329 312 1380 untur
337 1321 410 1380 iuter
429 1320 585 1381 catholicos
608 1321 788 1388 christianos,
809 1323 876 1379 satis
903 1330 1024 1396 possunt
1046 1320 1080 1379 ab
1100 1321 1153 1380 hae
1173 1341 1241 1382 eura
1266 1341 1314 1382 ex·

226 1421 330 1486 cusari,
345 1420 556 1494 praesumendo,
580 1418 658 1491 quod
679 1439 694 1476 a
713 1419 772 1476 suis
796 1419 957 1494 parentibus
970 1419 1119 1496 diligenter
1130 1420 1313 1480 instruantur.

225 1518 259 1575 Si
273 1527 369 1576 tamen
383 1535 563 1590 quocumque
584 1518 670 1575 modo
693 1517 831 1574 sentirent
845 1517 1027 1584 eontrarium,
1042 1526 1202 1579 tenerentur
1215 1539 1314 1578 secun·

225 1615 294 1674 dum
308 1615 435 1684 modurn,
450 1617 535 1674 saluti
549 1616 737 1692 spiritualium
751 1615 876 1673 liliorum
888 1633 984 1674 euram
999 1615 1213 1693 impendere.”¹
1253 1618 1314 1677 Ex·

225 1723 339 1773 cusatur
351 1715 435 1772 etiam
449 1733 582 1791 sponsor,
604 1715 654 1787 qui
674 1716 772 1772 munia
790 1715 869 1773 obire
887 1732 945 1773 non
958 1715 1033 1772 valet
1046 1715 1154 1788 absque
1166 1717 1314 1776 discordie

226 1822 255 1872 et
269 1814 460 1872 molestiarum
474 1813 614 1890 periculo,
627 1815 663 1872 ob
677 1821 825 1889 parentum
838 1813 1012 1872 voluntatem
1026 1814 1183 1873 adversam.

265 1915 315 1971 47.
337 1912 427 1970 Nulla
439 1923 516 1971 oerta
529 1921 595 1970 aetas
609 1913 639 1972 in
652 1930 791 1989 sponsore
805 1913 939 1990 exigitur,
953 1914 1085 1985 quamvis
1101 1915 1186 1991 juxta
1199 1912 1313 1970 Rituale

227 2010 400 2079 Romanum,
428 2012 457 2070 in
478 2019 558 2070 etate
577 2011 732 2087 pubertatis
754 2029 818 2068 eum
842 2030 907 2070 esse
928 2012 1088 2079 conveniat,
1108 2012 1182 2070 siout
1201 2020 1229 2068 et
1248 2028 1315 2070 oon·

225 2109 393 2176 firmatumt,
406 2119 511 2168 etanta
530 2129 614 2168 usum
635 2111 752 2170 rationis
774 2119 897 2183 nequeat
917 2111 1035 2169 omnino
1059 2109 1089 2170 id
1110 2111 1165 2170 sibi
1187 2111 1314 2169 muneris
1421 2107 1424 2111 ⁴

227 2203 399 2266 assumere.²
439 2207 537 2267 Homo
550 2208 626 2267 haud
638 2210 798 2286 baptizatur
811 2227 934 2286 sponsor
946 2209 1008 2267 fieri
1021 2211 1131 2282 nequit,
1145 2212 1252 2286 quippe
1265 2210 1315 2282 qui

226 2306 326 2383 spiritu
345 2316 427 2365 uatus
447 2325 506 2366 non
526 2315 580 2374 est,
604 2307 727 2380 ideoque
749 2308 837 2382 patris
851 2325 969 2365 munere
984 2307 1064 2384 fungi
1078 2327 1136 2366 non
1149 2308 1241 2366 valeta
1262 2307 1315 2366 sed

226 2404 442 2464 neehaereticus
463 2404 654 2462 admittendus
674 2414 728 2472 est,
756 2421 845 2474 quum
866 2402 895 2460 id
918 2404 1001 2479 plane
1027 2414 1167 2480 repugnet
1191 2405 1315 2462 Ritualis

227 2502 351 2562 Romani
365 2505 541 2581 praescripto,
563 2510 591 2560 et
612 2502 708 2562 officio
729 2500 868 2560 edocendi
888 2502 975 2560 fidem
995 2510 1024 2558 et
1044 2502 1187 2579 pietatem,
1202 2513 1231 2559 et
1242 2504 1316 2578 peri-

226 2603 322 2661 oulum
345 2603 539 2662 subversionis
553 2600 669 2661 infantis
683 2619 781 2660 seeum
796 2595 891 2658 ferat.⁸
931 2599 1026 2659 Docet
1045 2601 1160 2660 Rituale
1182 2609 1201 2637 “
1211 2601 1246 2659 ad
1260 2601 1315 2661 hoo

226 2719 329 2760 munus
351 2719 409 2761 non
423 2719 487 2759 esse
508 2700 696 2760 admittendos
716 2675 846 2760 intideles
867 2710 915 2759 aut
937 2699 1104 2760 haereticos:
1125 2718 1184 2759 non
1203 2701 1315 2778 publice

225 2801 498 2869 excommunicatos,
520 2809 567 2857 aut
586 2801 768 2861 interdictos:
790 2819 849 2860 uon
869 2799 983 2876 publice
1003 2801 1184 2869 criminosos,
1208 2811 1255 2859 aut
1275 2801 1316 2858 in-

226 2899 336 2956 fames:
358 2915 411 2956 nee
425 2907 558 2974 praeterea
577 2900 628 2973 qui
648 2919 716 2958 sana
738 2912 832 2958 mente
854 2916 912 2956 nou
935 2909 1018 2956 sunt:
1039 2919 1093 2959 neo
1114 2900 1164 2973 qui
1186 2895 1316 2976 ignorant

227 2995 389 3055 rudimenta
411 2995 510 3054 tidei.”
564 2997 611 3055 Ad
634 2997 777 3056 vitandam
803 3015 919 3073 gravem
948 2996 1138 3064 offensionem
1164 2997 1316 3070 aliquando

229 3103 323 3172 aperte
345 3114 403 3154 uon
422 3095 570 3172 repellitur
588 3095 737 3154 haeretieus
763 3096 814 3167 qui
832 3113 864 3151 se
887 3094 962 3152 sistit
985 3111 1171 3171 sponsorem:
1193 3104 1317 3153 attamen

227 3213 382 3268 numquam
397 3205 541 3268 tamquam
554 3213 678 3272 sponsor
697 3193 888 3254 admittendus
909 3201 963 3265 est,
984 3191 1035 3250 sed
1058 3191 1230 3251 admonendi
1250 3204 1317 3251 sunt

227 3303 357 3369 parentes
384 3293 568 3354 (tamaricum
589 3292 784 3354 tantummodo
804 3311 840 3352 eo
865 3310 983 3351 munere
1009 3292 1090 3368 fungi
1116 3309 1219 3367 posse:
1248 3310 1316 3365 qua·

227 3401 342 3470 propter
354 3393 473 3453 omnino
486 3393 692 3470 improbandus
712 3403 757 3452 ast
778 3411 840 3451 mos
860 3392 1022 3464 aliquorum
1041 3391 1149 3469 passim
1171 3393 1316 3469 excipien-

227 3491 296 3550 tium
308 3493 458 3552 haeretieos
479 3492 515 3551 ad
537 3492 607 3552 illud
620 3511 735 3562 munus,
756 3493 824 3550 satis
844 3491 981 3549 habentes
1003 3493 1029 3550 si
1050 3491 1182 3548 alteruter
1195 3508 1318 3566 sponsor

230 3587 397 3651 Catholious
423 3593 476 3649 sit:
499 3591 576 3663 quod
601 3609 667 3652 oum
693 3589 815 3651 Ritualis
842 3591 1008 3668 praescripto
1033 3599 1062 3648 et
1088 3589 1201 3650 oonoilii
1228 3588 1316 3649 Balti·

228 3691 367 3750 morensis
382 3691 406 3749 1.
421 3690 536 3749 decreto
550 3686 683 3767 pugnat.⁴

267 3791 317 3847 ts.
338 3790 502 3868 Sponsores
523 3789 717 3866 aparentibus
737 3787 906 3866 designandi
925 3797 999 3856 sunt,
1026 3788 1104 3863 quod
1127 3790 1153 3846 si
1173 3789 1316 3864 parochus

231 3900 281 3942 eos
307 3905 360 3945 suo
382 3889 496 3948 arbitrio
518 3896 616 3958 mutet,
640 3896 737 3967 peeeat
761 3889 893 3966 graviter,
915 3896 1062 3964 parentum
1084 3889 1150 3965 jure
1176 3886 1316 3952 laedendo,

162 4007 167 4016 ·
232 3986 362 4052 quamvis
375 3989 493 4046 mutatio
504 3983 621 4045 valeat.l

270 4084 320 4140 49.
341 4083 387 4141 Ad
412 4102 515 4143 munus
537 4085 685 4162 sponsoris
706 4083 922 4162 suscipiendum
942 4081 1179 4142 communissima
1201 4089 1317 4138 censent

265 4307 308 4372 (l)
327 4306 362 4356 iii.
372 4322 396 4372 p.
408 4321 449 4372 qu.
460 4306 527 4372 lxvii.
539 4313 581 4357 art
593 4306 643 4356 viii.
678 4305 753 4373 Κεφ.
857 4304 900 4368 (2)
920 4301 983 4351 Vide
994 4301 1021 4348 S.
1032 4299 1107 4364 Alph.
1118 4300 1134 4348 1.
1147 4298 1178 4348 ri.
1189 4314 1213 4348 n.
1228 4302 1283 4350 146.

267 4391 309 4459 (3)
329 4390 429 4454 ibidem,
439 4407 465 4442 n.
480 4394 536 4444 166.
860 4387 902 4452 (4)
922 4384 993 4434 Deor.
1005 4385 1038 4433 xi.

567 4476 611 4542 (5)
630 4473 693 4524 Vide
702 4472 729 4524 S.
740 4471 816 4536 Alph.
826 4471 843 4519 l.
854 4469 886 4520 vi.
895 4485 920 4518 n.
935 4470 991 4518 146.

752 4569 798 4623 θ*
