3172 5172
244 591 301 646 lrr
491 583 549 644 DE
571 580 737 642 SlGlLLO
759 580 1078 644 CONFESSIONIS.

243 751 393 832 pandenda
418 751 591 810 confessario
617 769 676 808 sue
700 751 803 826 lingua
831 750 940 826 ignaro,
961 748 1073 808 videtur
1098 747 1201 808 eodem
1223 749 1335 808 vinculo

243 853 346 911 secreti
366 851 577 910 sacramentalis
598 849 703 908 teneri:
725 850 766 907 uti
789 848 963 926 probabilius
979 849 1108 926 plerique
1122 857 1251 917 censent,
1265 867 1334 906 non·

243 951 329 1010 nullis
356 951 537 1028 opinantibus
563 967 629 1008 eum
657 949 771 1007 nonnisi
798 948 948 1006 arctissimi
975 950 1077 1006 secreti
1104 949 1240 1007 naturalis
1266 947 1332 1024 lege

244 1051 335 1128 ligari.

283 1152 333 1207 90.
355 1147 473 1214 Doctor,
496 1148 541 1204 vel
561 1147 643 1215 alins,
664 1146 724 1220 qui,
747 1164 784 1203 ex
805 1145 969 1221 poenitentis
990 1147 1115 1216 licentia,
1131 1146 1335 1204 aconsessario

243 1249 323 1307 novit
335 1248 399 1324 ejus
414 1255 572 1322 peccatum,
596 1254 627 1304 ut
646 1244 798 1304 consilium
818 1245 966 1320 praeberet,
988 1243 1099 1304 videtur
1120 1247 1222 1303 secreti
1243 1264 1332 1304 sacra·

243 1345 374 1404 mentalis
387 1345 558 1422 obligatione
572 1346 679 1403 teneri:
701 1342 941 1417 quandocumque
962 1345 1119 1403 consulitur
1141 1354 1173 1402 ut
1193 1345 1335 1403 consessa·

243 1446 302 1503 rius
317 1454 391 1502 recte
405 1453 484 1522 gerat
497 1463 600 1502 munus
615 1463 717 1511 suum3
738 1460 805 1501 nam
819 1452 967 1519 peccatum
989 1445 1015 1502 ei
1035 1444 1233 1502 manifestatur
1254 1462 1334 1502 occa·

243 1545 325 1602 sione
338 1545 538 1612 consessionis,
553 1554 582 1601 et
595 1542 670 1602 haud
684 1545 746 1600 sine
757 1540 893 1602 relatione
908 1541 944 1599 ad
956 1543 1175 1601 absolutionem.
1219 1543 1332 1601 “Ratio

243 1642 395 1709 habetur,’'
411 1643 548 1716 inquies.
563 1642 740 1719 Alphonsus,
756 1648 776 1676 “
786 1660 823 1700 ex
837 1643 900 1719 ipsa
913 1643 1088 1701 institutione
1102 1644 1281 1710 sacramenti,
1295 1642 1331 1699 ob

243 1760 330 1816 quam
357 1742 480 1800 creditur
501 1741 635 1800 Christus
662 1742 805 1800 Dominus
826 1742 999 1818 imposuisse
1026 1740 1100 1799 hanc
1126 1743 1328 1819 obligationem

244 1841 341 1920 sigilli,
355 1860 414 1900 non
427 1843 521 1900 solum
536 1841 726 1908 confessariis,
747 1839 798 1898 sed
813 1841 945 1899 omnibus
960 1840 1032 1907 aliis,
1054 1841 1157 1914 quibus
1170 1841 1332 1899 immediate

243 1941 288 1999 vel
302 1941 423 1999 mediate
437 1941 596 2017 pervenerit
616 1941 716 1998 notitia
739 1949 931 2016 peccatorum,
952 1939 1105 1998 occasione
1118 1941 1176 1996 sive
1191 1941 1219 1997 in
1233 1939 1333 1997 ordine

243 2040 278 2099 ad
292 2041 520 2108 consessionem
535 2040 662 2112 alioquin
676 2040 815 2096 nonsatis
829 2040 975 2115 provisum
986 2046 1063 2096 esset
1072 2041 1234 2096 reverentiae
1244 2038 1330 2114 hujus

243 2140 422 2206 sacramenti,
449 2158 503 2197 nec
529 2140 597 2196 satis
623 2137 719 2195 odium
746 2138 937 2196 confessionis
963 2147 1088 2196 amotum
1107 2123 1256 2196 fuisset.”¹
1298 2137 1330 2192 S.

243 2237 374 2295 Thomas
390 2237 445 2295 ait:
469 2247 488 2274 “
500 2237 547 2294 ille
561 2237 596 2295 ad
611 2255 695 2308 quem
710 2238 809 2296 notitia
822 2238 931 2314 peccati
949 2235 1064 2295 devenit
1082 2236 1221 2295 mediante
1240 2255 1331 2293 saeer-

242 2335 317 2404 dote,
332 2334 367 2394 de
381 2335 525 2394 voluntate
547 2336 719 2403 confitentis,
740 2339 890 2414 participat
910 2339 939 2396 in
963 2339 1060 2410 aliquo
1081 2345 1143 2394 actu
1158 2336 1329 2394 sacerdotis:

242 2444 269 2493 et
282 2435 348 2496 ideo
362 2435 456 2494 simile
470 2445 512 2493 est
525 2435 560 2494 de
573 2455 619 2504 eo,
635 2435 711 2494 etde
726 2438 888 2514 interprete,
910 2437 967 2495 nisi
990 2437 1085 2494 forsan
1111 2445 1245 2513 peccator
1268 2435 1332 2491 velit

242 2537 318 2608 quod
333 2536 381 2593 ille
395 2535 521 2594 absolute
535 2537 608 2595 sciat
620 2544 648 2592 et
660 2527 799 2595 libere.'’²

280 2638 330 2692 91.
353 2635 411 2701 Qui
422 2635 557 2709 scripturn
566 2635 729 2710 poenitentis
741 2636 838 2707 inquo
849 2644 965 2712 peccata
973 2653 1025 2692 sua
1033 2634 1121 2693 refert
1128 2634 1206 2712 legit,
1219 2643 1327 2692 tenetur

239 2750 351 2789 servare
367 2741 507 2790 secretum
528 2732 673 2801 naturale;
695 2753 753 2791 non
766 2733 833 2792 verb
851 2734 977 2812 sigillum
993 2733 1096 2810 frangit
1116 2723 1327 2801 sacramentale,

243 2831 268 2886 si
279 2830 385 2902 aliquid
394 2831 572 2899 manifestem
586 2849 638 2888 nec
649 2834 725 2890 enirn
740 2836 878 2912 scripturn
889 2833 958 2892 illud
967 2832 1158 2892 consessionis
1169 2834 1227 2891 vim
1237 2832 1330 2898 habet,

240 2927 292 2986 sed
304 2937 348 2986 est
367 2929 533 3006 praeparatio
547 2931 581 2988 ad
602 2932 826 2991 confessionem.
870 2934 903 2992 Si
924 2933 1116 2991 confessarius
1130 2933 1175 2990 cui
1191 2933 1330 3008 poenitens

240 3029 378 3106 scriptum
388 3029 684 3106 hujusmoditradidit,
699 3032 766 3090 illud
781 3034 950 3111 divulgaret,
963 3032 1247 3109 frangeretsigillum,
1263 3050 1327 3088 narn

241 3127 352 3188 traditio
366 3129 407 3187 illi
427 3131 500 3188 iacta
519 3132 709 3189 consessionis
723 3133 811 3191 instar
824 3141 876 3189 est.
919 3129 1004 3199 Quod
1024 3133 1121 3191 scribit
1141 3139 1245 3208 mutus,
1260 3128 1330 3188 illud

239 3229 415 3288 confessario
425 3231 558 3305 praesenti
572 3229 695 3299 tradens,
709 3231 794 3291 habet
802 3231 990 3290 confessionis
999 3231 1137 3290 rationem
1149 3250 1156 3299 ;
1172 3229 1293 3302 ideoque
1305 3230 1329 3287 si

240 3339 306 3386 tuno
319 3327 429 3404 legatur
439 3329 473 3386 ab
484 3329 550 3396 alio,
561 3330 769 3407 etdivulgetur,
785 3333 962 3409 frangeretur·
974 3331 1113 3408 sigillum.
1156 3331 1188 3388 Si
1203 3329 1329 3387 chartam

239 3429 268 3485 in
292 3427 496 3486 confessionali
522 3429 649 3488 relictam
672 3449 688 3486 a
715 3434 868 3506 poenitente
891 3432 956 3503 quis
975 3430 1060 3506 legat,
1082 3439 1214 3488 censetur
1233 3428 1328 3506 sigillo

239 3528 338 3593 teneri,
354 3528 421 3600 quia
436 3529 497 3604 jam
521 3528 710 3586 confessionis
733 3532 819 3588 instar
839 3529 935 3587 habita
948 3539 1001 3596 est,
1016 3529 1084 3588 dum
1105 3539 1233 3607 porrecta
1247 3527 1329 3586 fuerit

239 3624 390 3692 sacerdoti,
405 3625 451 3680 vel
465 3643 501 3681 ex
515 3644 548 3681 ea
558 3637 674 3700 peccata
687 3628 773 3686 relata
786 3630 853 3687 sint.

277 3725 326 3779 92.
348 3723 452 3780 Peccat
462 3722 630 3798 plerumque
642 3727 764 3802 graviter
773 3729 822 3801 qui
833 3727 938 3804 scripta
948 3727 1065 3785 aliorum
1076 3729 1175 3806 legunt
1185 3728 1215 3785 in
1226 3726 1328 3798 quibus
1387 3713 1393 3718 ’

238 3839 337 3880 eorum
352 3831 470 3897 peccata
483 3825 665 3898 suspicantur
678 3827 831 3893 recenseri,
846 3828 914 3898 quia
927 3825 1029 3884 arcana
1042 3847 1151 3894 eorum,
1168 3827 1201 3883 iis
1222 3825 1329 3891 invitis,

237 3931 404 3988 scrutantur,
419 3939 484 3978 cum
498 3923 648 3982 manifesto
662 3925 857 3983 aestimationis
869 3945 967 3985 eorum
981 3935 1009 3984 et
1021 3927 1138 3985 honoris
1153 3926 1328 3984 discrimine.

237 4020 381 4080 Caeterum
396 4021 445 4095 qui
458 4021 534 4080 leves
556 4035 662 4081 tanturn
677 4025 776 4102 culpas
791 4026 896 4102 scripto
911 4028 1049 4085 contineri
1063 4027 1122 4085 sere
1136 4035 1212 4084 certo
1226 4025 1327 4090 sciunt,

235 4133 355 4196 possunt
381 4143 397 4179 a
423 4122 502 4197 gravi
527 4135 643 4198 peccato
671 4127 815 4194 excusari,
832 4125 898 4184 dum
921 4145 957 4183 ex
978 4127 1151 4195 curiositate,
1174 4127 1218 4184 vel
1240 4125 1328 4182 animi

234 4219 357 4291 levitate,
375 4222 444 4279 illud
465 4222 572 4298 legunt.
615 4224 673 4290 Qui
694 4245 828 4302 magnum
850 4225 940 4302 parari
961 4226 1099 4285 damnum
1119 4225 1327 4290 communitati,

234 4320 279 4375 vel
299 4322 460 4388 innocenti,
474 4323 655 4398 suspicantur
674 4325 710 4383 ob
731 4326 855 4384 rationes
876 4326 999 4384 maxime
1018 4325 1190 4401 probabiles,
1211 4331 1329 4400 possent

269 4541 313 4606 (¹)
332 4541 362 4588 L·
372 4541 403 4588 Vi·
415 4556 440 4589 ¹¹·
452 4543 509 4591 ⁶4⁷⁴
793 4553 835 4616 (2)
856 4550 941 4614 Suppl.
953 4550 986 4600 iii.
997 4566 1021 4614 p.
1032 4565 1073 4612 qu.
1085 4549 1119 4600 xi.
1131 4556 1174 4599 art.
1185 4548 1217 4598 iv.
1229 4548 1260 4598 ad
1270 4549 1295 4596 4.
