3172 5172
591 579 648 640 DE
670 578 979 640 OONFESSIONE.

470 858 496 932 §.
518 857 573 918 IX.
615 857 662 916 Dr
684 876 932 919 courussrorvravs
952 875 1114 916 rrrvsmors.

284 1052 332 1106 68.
354 1044 483 1104 Invalida
496 1055 539 1104 est
552 1047 696 1108 consessio
716 1068 754 1108 ex
774 1058 852 1126 parte
874 1047 1051 1116 confessarii,
1074 1047 1099 1105 si
1123 1063 1181 1105 non
1195 1051 1335 1125 acceperit

239 1145 478 1224 jurisdictionem,
493 1145 539 1203 vel
552 1147 577 1204 si
591 1147 618 1204 ei
631 1147 716 1207 fuerit
729 1149 828 1217 ablata,
850 1148 896 1205 vel
911 1147 1047 1224 impedita
1067 1165 1118 1224 per
1131 1165 1290 1216 censuram,
1305 1149 1335 1207 in

243 1263 330 1318 quam
343 1247 500 1304 incurrisse
515 1264 552 1304 ex
565 1245 678 1304 decreto
694 1247 801 1325 judicis
825 1246 1012 1306 ecclesiastici
1032 1247 1180 1303 constabat
1200 1247 1332 1323 publice:

243 1346 289 1403 vel
302 1345 327 1403 si
347 1345 532 1403 absolutionis
559 1346 744 1405 substantiam
764 1347 914 1413 vitiaverit,
935 1345 981 1402 vel
1006 1345 1031 1402 si
1050 1345 1161 1403 nullum
1184 1356 1332 1422 peccatum

244 1445 422 1517 aliquatenus
437 1444 616 1503 intellexerit.
639 1469 642 1474 ·

283 1547 332 1600 69.
353 1545 383 1601 N
386 1563 423 1602 on
437 1545 530 1602 obstat
543 1545 732 1603 consessionis
747 1545 846 1612 valori,
858 1543 934 1618 quod
955 1543 1052 1601 omnia
1061 1552 1179 1619 peccata
1191 1545 1335 1602 consessa·

243 1643 302 1700 rius
316 1661 373 1701 uon
387 1643 568 1710 intellexerit,
583 1645 643 1702 sive
664 1644 743 1717 quod
756 1645 900 1702 surdaster
908 1651 992 1710 esset,
1007 1643 1052 1701 vel
1066 1642 1274 1712 somnolentus,
1289 1645 1335 1703 vel

245 1741 341 1800 animo
355 1741 519 1800 distractus:
541 1744 587 1801 vel
609 1744 737 1821 linguam
760 1744 922 1820 poenitentis
945 1760 1003 1800 non
1026 1742 1094 1800 satis
1115 1743 1245 1800 calleret:
1266 1762 1333 1802 nam

245 1849 344 1918 posset
355 1833 541 1901 nihilominus
560 1841 701 1920 judicium
722 1842 846 1912 efficere,
861 1842 991 1916 quamvis
1006 1860 1063 1898 non
1078 1844 1146 1900 satis
1161 1851 1332 1902 accuratum.

244 1939 389 2001 Ceterum
403 1943 428 2001 si
442 1941 616 2020 diligentiam
632 1943 824 2001 necessariam
845 1942 880 2000 ad
902 1941 999 2001 omnia
1019 1940 1202 2018 percipienda
1215 1959 1273 1999 non
1287 1940 1335 2000 ad·

245 2040 363 2110 hiberet,
384 2050 522 2118 peccaret,
550 2060 638 2115 quum
664 2061 717 2100 suo
744 2042 854 2099 muneri
877 2041 998 2099 deesset.
1049 2040 1095 2098 Ea
1121 2040 1256 2109 adhibita,
1277 2059 1335 2099 non

245 2151 355 2216 oportet
367 2159 431 2198 esse
444 2141 639 2210 solicitiorem,
660 2143 710 2215 qui
724 2140 835 2199 auditus
853 2141 967 2214 aliquali
981 2138 1144 2199 difficultate
1157 2141 1275 2208 laborat,
1289 2141 1336 2199 vel

244 2241 293 2311 qui
315 2240 420 2316 linguae
441 2240 567 2297 notitiam
587 2240 672 2298 habet
696 2243 790 2298 minus
817 2241 981 2317 perlectam,
1008 2239 1164 2304 dummodo
1191 2240 1228 2299 sit
1253 2259 1334 2313 aequa

245 2356 331 2394 causa
356 2337 428 2394 sacri
448 2337 599 2395 exercendi
619 2341 755 2409 muneris,
777 2339 833 2399 alio
860 2339 1009 2397 deficiente
1036 2339 1087 2411 qui
1112 2339 1141 2397 id
1167 2349 1333 2411 exequatur.

248 2436 427 2494 Missionarii
448 2435 554 2494 ideirco
575 2435 703 2512 plerique
723 2459 779 2497 non
804 2447 870 2497 sunt
891 2439 986 2496 animo
1007 2437 1141 2512 angendi,
1163 2438 1188 2494 si
1208 2437 1333 2496 fidelium

148 2589 152 2594 .
242 2535 370 2611 linguam
394 2553 452 2594 non
473 2536 581 2611 optime
602 2537 746 2606 callentes,
767 2536 962 2596 confessiones
982 2554 1040 2594 nou
1061 2536 1145 2612 plene
1159 2535 1333 2612 intelligant:

244 2636 400 2693 necessitas
414 2635 491 2692 euim
505 2653 633 2712 persepe
647 2638 723 2712 cogit
736 2647 768 2695 ut
779 2637 952 2713 poenitentias
967 2635 1164 2693 administrent
1175 2653 1334 2694 sacramen-

245 2743 320 2792 tum:
342 2733 393 2792 sed
415 2735 465 2807 qui
486 2743 566 2792 extra
585 2737 784 2794 necessitatem
798 2738 986 2812 paenitentem
1009 2735 1165 2812 exciperet,
1187 2736 1267 2813 cujus
1281 2735 1335 2793 liu-

245 2851 307 2909 guae
319 2851 435 2910 prorsus
449 2842 494 2892 est
505 2835 633 2911 ignarus,
655 2834 728 2893 adeo
748 2843 779 2892 ut
792 2835 901 2894 nullum
914 2836 976 2912 ejus
991 2843 1140 2912 peccatum
1155 2835 1334 2912 intelligeret,

244 2951 302 2990 nou
318 2932 458 2990 videretur
470 2932 562 2992 valide
577 2934 733 3001 absolvere,
759 2953 847 3006 quum
862 2935 1003 2992 accusatio
1024 2951 1087 3006 quae
1101 2952 1158 2991 non
1172 2934 1336 3010 intelligitur

244 3033 332 3090 instar
345 3031 449 3090 nullius
463 3034 508 3091 sit.

281 3136 330 3190 70.
352 3133 500 3190 Poeuitens
514 3134 563 3205 qui
577 3130 708 3190 consultd
723 3131 780 3190 adit
790 3131 997 3190 confessarium
1009 3131 1114 3207 linguae
1128 3131 1270 3204 ignarum,
1288 3133 1335 3190 vel

245 3230 372 3299 surdum,
387 3232 433 3289 vel
446 3232 495 3305 qui
508 3232 546 3289 ita
559 3231 645 3290 refert
657 3241 771 3307 peccata
789 3242 890 3290 utnon
904 3229 1106 3306 intelligantur,
1121 3229 1335 3288 confessionem

243 3329 349 3389 nullam
363 3330 439 3400 facit,
454 3349 542 3404 quum
564 3340 691 3388 terreatur
710 3340 825 3406 peccata
848 3330 972 3406 pandere
992 3349 1026 3386 ea
1054 3329 1163 3387 ratione
1185 3349 1241 3402 qua
1259 3328 1335 3407 judi·

244 3431 320 3508 cium
342 3430 407 3488 ferri
427 3431 527 3508 possit.
570 3428 707 3496 Quodsi
733 3430 806 3487 bona
831 3428 888 3486 fide
915 3429 1089 3497 confiteatur,
1116 3436 1145 3484 et
1169 3428 1221 3485 sub
1248 3429 1334 3488 finem

245 3528 352 3587 dubitet
364 3539 457 3587 utrum
471 3529 568 3588 omnia
590 3529 751 3605 perceperit
770 3528 971 3597 confessarius,
992 3546 1050 3585 non
1069 3527 1182 3587 videtur
1195 3530 1282 3587 teneri
1300 3527 1335 3586 ad

160 3659 165 3668 x
244 3628 454 3687 consessionem
474 3629 623 3705 integram,
651 3647 715 3702 quae
734 3628 820 3706 longa
839 3628 933 3697 fuerit,
960 3627 1161 3704 repetendam3
1184 3629 1335 3687 assentitur

243 3729 322 3786 enim
338 3727 370 3784 S.
385 3727 553 3804 Alphonsus
573 3728 608 3785 iis
633 3730 714 3800 “qui
735 3727 832 3787 dicunt
855 3727 1005 3787 Christum
1019 3728 1181 3788 Dominum
1193 3747 1250 3786 nou
1265 3748 1335 3805 pra·

243 3827 319 3884 sumi
328 3827 500 3903 imposuisse
509 3836 682 3904 praeceptum
693 3827 859 3904 integritatis
874 3847 938 3886 cum
953 3837 1029 3886 tanto
1043 3847 1138 3897 onere,
1151 3828 1261 3885 seilicet
1274 3847 1335 3886 om·

241 3927 289 3984 nia
303 3935 420 4002 peccata
438 3925 583 4004 repetendi
596 3927 625 3984 iu
647 3927 694 3984 tali
714 3920 830 3985 casu.”¹
872 3927 905 3984 si
924 3927 1066 4003 poenitens
1080 3926 1207 3984 advertat
1220 3925 1335 3996 aliquod

243 4033 392 4101 peccatum
407 4044 465 4085 uon
479 4026 611 4103 intelligi,
625 4025 708 4084 debet
722 4025 792 4083 illud
805 4034 942 4102 repetere,
956 4026 1090 4082 etverbis
1104 4023 1268 4081 clarioribus
1287 4041 1334 4079 ex-

263 4123 360 4182 licare.

243 4143 262 4200 p
281 4228 332 4282 71.
354 4223 404 4282 Ex
424 4233 502 4300 parte
528 4224 691 4300 poenitentis
713 4220 835 4280 invalida
861 4229 905 4278 est
930 4221 1085 4287 confessio,
1107 4219 1132 4275 si
1158 4217 1334 4278 sacerdotem

243 4323 374 4398 ignarum
389 4323 435 4382 vel
449 4321 518 4382 alids
532 4341 649 4400 prorsus
668 4319 924 4398 ineptum'muneri
944 4319 1011 4376 huic
1032 4316 1203 4384 exercendo,
1227 4318 1272 4376 vel
1286 4320 1335 4392 qui

674 4539 716 4606 (l)
736 4535 766 4586 L.
778 4537 809 4587 vi.
820 4553 845 4587 n.
856 4539 914 4587 499.
