<?xml version="1.0" encoding="UTF-8"?>
<!DOCTYPE html PUBLIC "-//W3C//DTD XHTML 1.0 Transitional//EN"
    "http://www.w3.org/TR/xhtml1/DTD/xhtml1-transitional.dtd">
<html xmlns="http://www.w3.org/1999/xhtml" xml:lang="en" lang="en">
 <head>
  <title>
</title>
<meta http-equiv="Content-Type" content="text/html;charset=utf-8" />
  <meta name='ocr-system' content='tesseract 3.04.00' />
  <meta name='ocr-capabilities' content='ocr_page ocr_carea ocr_par ocr_line ocrx_word'/>
</head>
<body>
  <div class='ocr_page' id='page_1' title='image "./theologiaemoral02kenrgoog_0262.png"; bbox 0 0 3144 5192; ppageno 0'>
   <div class='ocr_carea' id='block_1_1' title="bbox 573 523 1318 605">
    <p class='ocr_par' dir='ltr' id='par_1_1' title="bbox 573 523 1318 605">
     <span class='ocr_line' id='line_1_1' title="bbox 573 523 1318 605; baseline 0 -1"><span class='ocrx_word' id='word_1_1' title='bbox 573 544 630 604; x_wconf 82' lang='lat' dir='ltr'>no</span> <span class='ocrx_word' id='word_1_2' title='bbox 651 523 973 605; x_wconf 78' lang='lat' dir='ltr'>rnuunonnuns.</span> <span class='ocrx_word' id='word_1_3' title='bbox 1260 550 1318 604; x_wconf 82' lang='lat'>245</span> 
     </span>
    </p>
   </div>
   <div class='ocr_carea' id='block_1_2' title="bbox 157 709 1401 4160">
    <p class='ocr_par' dir='ltr' id='par_1_2' title="bbox 232 709 1319 1084">
     <span class='ocr_line' id='line_1_2' title="bbox 232 709 1318 787; baseline 0.001 -17"><span class='ocrx_word' id='word_1_4' title='bbox 232 712 372 787; x_wconf 86' lang='lat' dir='ltr'>poeoitens</span> <span class='ocrx_word' id='word_1_5' title='bbox 385 719 517 786; x_wconf 76' lang='lat' dir='ltr'>nequeat,</span> <span class='ocrx_word' id='word_1_6' title='bbox 539 730 601 770; x_wconf 89' lang='lat' dir='ltr'>uon</span> <span class='ocrx_word' id='word_1_7' title='bbox 617 731 683 770; x_wconf 89' lang='lat' dir='ltr'>eum</span> <span class='ocrx_word' id='word_1_8' title='bbox 706 711 864 780; x_wconf 82' lang='lat' dir='ltr'><strong>absolvant,</strong></span> <span class='ocrx_word' id='word_1_9' title='bbox 887 711 943 768; x_wconf 92' lang='lat' dir='ltr'>nisi</span> <span class='ocrx_word' id='word_1_10' title='bbox 961 711 1038 787; x_wconf 87' lang='lat' dir='ltr'>juret</span> <span class='ocrx_word' id='word_1_11' title='bbox 1057 727 1089 767; x_wconf 91' lang='lat' dir='ltr'>se</span> <span class='ocrx_word' id='word_1_12' title='bbox 1109 709 1318 771; x_wconf 85' lang='lat' dir='ltr'>satisfacturum</span> 
     </span>
     <span class='ocr_line' id='line_1_3' title="bbox 232 803 1319 889; baseline 0 -21"><span class='ocrx_word' id='word_1_13' title='bbox 232 811 433 889; x_wconf 87' lang='lat' dir='ltr'>cumprimum</span> <span class='ocrx_word' id='word_1_14' title='bbox 448 803 597 888; x_wconf 85' lang='lat' dir='ltr'>poterit.”¹</span> <span class='ocrx_word' id='word_1_15' title='bbox 638 809 783 869; x_wconf 84' lang='lat' dir='ltr'>Oaeterum</span> <span class='ocrx_word' id='word_1_16' title='bbox 804 812 829 868; x_wconf 85' lang='lat' dir='ltr'>si</span> <span class='ocrx_word' id='word_1_17' title='bbox 850 807 985 886; x_wconf 76' lang='lat' dir='ltr'>perpetuo</span> <span class='ocrx_word' id='word_1_18' title='bbox 1008 811 1046 869; x_wconf 87' lang='lat' dir='ltr'>eit</span> <span class='ocrx_word' id='word_1_19' title='bbox 1067 809 1222 886; x_wconf 83' lang='lat' dir='ltr'>impotens,</span> <span class='ocrx_word' id='word_1_20' title='bbox 1242 810 1319 887; x_wconf 86' lang='lat' dir='ltr'>jura·</span> 
     </span>
     <span class='ocr_line' id='line_1_4' title="bbox 234 907 1319 988; baseline -0.001 -20"><span class='ocrx_word' id='word_1_21' title='bbox 234 918 361 968; x_wconf 88' lang='lat' dir='ltr'>mentum</span> <span class='ocrx_word' id='word_1_22' title='bbox 375 928 431 969; x_wconf 89' lang='lat' dir='ltr'>non</span> <span class='ocrx_word' id='word_1_23' title='bbox 445 911 576 986; x_wconf 84' lang='lat' dir='ltr'><strong>exigitur.</strong></span> <span class='ocrx_word' id='word_1_24' title='bbox 619 909 705 977; x_wconf 84' lang='lat' dir='ltr'>Quod</span> <span class='ocrx_word' id='word_1_25' title='bbox 717 911 743 967; x_wconf 91' lang='lat' dir='ltr'>si</span> <span class='ocrx_word' id='word_1_26' title='bbox 755 909 880 988; x_wconf 81' lang='lat' dir='ltr'>negligat</span> <span class='ocrx_word' id='word_1_27' title='bbox 899 907 1034 985; x_wconf 84' lang='lat' dir='ltr'>deinceps</span> <span class='ocrx_word' id='word_1_28' title='bbox 1053 909 1247 986; x_wconf 87' lang='lat' dir='ltr'>juramentum</span> <span class='ocrx_word' id='word_1_29' title='bbox 1266 909 1319 967; x_wconf 90' lang='lat' dir='ltr'>im·</span> 
     </span>
     <span class='ocr_line' id='line_1_5' title="bbox 234 1008 994 1084; baseline 0 -18"><span class='ocrx_word' id='word_1_30' title='bbox 234 1008 323 1084; x_wconf 91' lang='lat' dir='ltr'>plere,</span> <span class='ocrx_word' id='word_1_31' title='bbox 337 1028 394 1067; x_wconf 89' lang='lat' dir='ltr'>nou</span> <span class='ocrx_word' id='word_1_32' title='bbox 409 1018 540 1068; x_wconf 88' lang='lat' dir='ltr'>censetur</span> <span class='ocrx_word' id='word_1_33' title='bbox 552 1009 718 1067; x_wconf 78' lang='lat' dir='ltr'>contrahere</span> <span class='ocrx_word' id='word_1_34' title='bbox 733 1010 994 1068; x_wconf 89' lang='lat' dir='ltr'>iterumcensuras.</span> 
     </span>
    </p>

    <p class='ocr_par' dir='ltr' id='par_1_3' title="bbox 227 1107 1320 2375">
     <span class='ocr_line' id='line_1_6' title="bbox 270 1107 1320 1183; baseline 0.001 -19"><span class='ocrx_word' id='word_1_35' title='bbox 270 1111 339 1166; x_wconf 82' lang='lat'>259.</span> <span class='ocrx_word' id='word_1_36' title='bbox 363 1109 396 1167; x_wconf 94' lang='lat' dir='ltr'>In</span> <span class='ocrx_word' id='word_1_37' title='bbox 409 1108 532 1167; x_wconf 86' lang='lat' dir='ltr'>Jubilaeo</span> <span class='ocrx_word' id='word_1_38' title='bbox 545 1107 610 1166; x_wconf 85' lang='lat' dir='ltr'>data</span> <span class='ocrx_word' id='word_1_39' title='bbox 622 1107 750 1166; x_wconf 78' lang='lat' dir='ltr'>facultate</span> <span class='ocrx_word' id='word_1_40' title='bbox 764 1107 929 1167; x_wconf 91' lang='lat' dir='ltr'>absolvendi</span> <span class='ocrx_word' id='word_1_41' title='bbox 949 1107 984 1164; x_wconf 89' lang='lat' dir='ltr'>ab</span> <span class='ocrx_word' id='word_1_42' title='bbox 1004 1107 1135 1164; x_wconf 92' lang='lat' dir='ltr'>omnibus</span> <span class='ocrx_word' id='word_1_43' title='bbox 1156 1108 1278 1183; x_wconf 88' lang='lat' dir='ltr'>peccatis</span> <span class='ocrx_word' id='word_1_44' title='bbox 1292 1117 1320 1165; x_wconf 88' lang='lat' dir='ltr'>ct</span> 
     </span>
     <span class='ocr_line' id='line_1_7' title="bbox 232 1204 1318 1284; baseline 0.001 -20"><span class='ocrx_word' id='word_1_45' title='bbox 232 1208 372 1284; x_wconf 84' lang='lat' dir='ltr'>censuris,</span> <span class='ocrx_word' id='word_1_46' title='bbox 387 1209 472 1265; x_wconf 90' lang='lat' dir='ltr'>etiam</span> <span class='ocrx_word' id='word_1_47' title='bbox 495 1207 645 1265; x_wconf 78' lang='lat' dir='ltr'>reservatis</span> <span class='ocrx_word' id='word_1_48' title='bbox 667 1207 736 1264; x_wconf 83' lang='lat' dir='ltr'>Sodi</span> <span class='ocrx_word' id='word_1_49' title='bbox 750 1207 932 1284; x_wconf 84' lang='lat' dir='ltr'>Apostolicae,</span> <span class='ocrx_word' id='word_1_50' title='bbox 947 1206 1114 1282; x_wconf 82' lang='lat' dir='ltr'>intelligitur</span> <span class='ocrx_word' id='word_1_51' title='bbox 1127 1205 1244 1263; x_wconf 81' lang='lat' dir='ltr'>facultas</span> <span class='ocrx_word' id='word_1_52' title='bbox 1258 1204 1318 1265; x_wconf 87' lang='lat' dir='ltr'>dari</span> 
     </span>
     <span class='ocr_line' id='line_1_8' title="bbox 231 1297 1319 1382; baseline 0 -20"><span class='ocrx_word' id='word_1_53' title='bbox 231 1305 398 1364; x_wconf 88' lang='lat' dir='ltr'>absolvendi</span> <span class='ocrx_word' id='word_1_54' title='bbox 411 1326 427 1363; x_wconf 86' lang='lat' dir='ltr'>a</span> <span class='ocrx_word' id='word_1_55' title='bbox 440 1307 591 1364; x_wconf 86' lang='lat' dir='ltr'>reservatis</span> <span class='ocrx_word' id='word_1_56' title='bbox 615 1307 763 1381; x_wconf 91' lang='lat' dir='ltr'>episcopo,</span> <span class='ocrx_word' id='word_1_57' title='bbox 786 1308 827 1364; x_wconf 92' lang='lat' dir='ltr'>uti</span> <span class='ocrx_word' id='word_1_58' title='bbox 840 1305 1028 1364; x_wconf 91' lang='lat' dir='ltr'>communiter</span> <span class='ocrx_word' id='word_1_59' title='bbox 1050 1304 1148 1363; x_wconf 89' lang='lat' dir='ltr'>dicunt</span> <span class='ocrx_word' id='word_1_60' title='bbox 1166 1297 1319 1382; x_wconf 82' lang='lat' dir='ltr'>theologi.1</span> 
     </span>
     <span class='ocr_line' id='line_1_9' title="bbox 231 1403 1320 1478; baseline 0 -16"><span class='ocrx_word' id='word_1_61' title='bbox 231 1403 275 1462; x_wconf 81' lang='lat' dir='ltr'>Ab</span> <span class='ocrx_word' id='word_1_62' title='bbox 301 1404 404 1462; x_wconf 86' lang='lat' dir='ltr'>haeresi</span> <span class='ocrx_word' id='word_1_63' title='bbox 429 1414 524 1463; x_wconf 90' lang='lat' dir='ltr'>tamen</span> <span class='ocrx_word' id='word_1_64' title='bbox 551 1415 668 1463; x_wconf 90' lang='lat' dir='ltr'>externa</span> <span class='ocrx_word' id='word_1_65' title='bbox 688 1415 835 1478; x_wconf 89' lang='lat' dir='ltr'>nequeunt</span> <span class='ocrx_word' id='word_1_66' title='bbox 860 1405 1027 1463; x_wconf 89' lang='lat' dir='ltr'>confessarii</span> <span class='ocrx_word' id='word_1_67' title='bbox 1047 1403 1201 1472; x_wconf 87' lang='lat' dir='ltr'>absolvere,</span> <span class='ocrx_word' id='word_1_68' title='bbox 1231 1422 1320 1476; x_wconf 90' lang='lat' dir='ltr'>quum</span> 
     </span>
     <span class='ocr_line' id='line_1_10' title="bbox 231 1502 1320 1580; baseline 0.001 -20"><span class='ocrx_word' id='word_1_69' title='bbox 231 1503 384 1561; x_wconf 88' lang='lat' dir='ltr'>reservatio</span> <span class='ocrx_word' id='word_1_70' title='bbox 407 1506 445 1561; x_wconf 85' lang='lat' dir='ltr'>sit</span> <span class='ocrx_word' id='word_1_71' title='bbox 465 1504 590 1562; x_wconf 88' lang='lat' dir='ltr'>maxime</span> <span class='ocrx_word' id='word_1_72' title='bbox 610 1503 760 1580; x_wconf 88' lang='lat' dir='ltr'>specialis:</span> <span class='ocrx_word' id='word_1_73' title='bbox 781 1504 811 1562; x_wconf 90' lang='lat' dir='ltr'>in</span> <span class='ocrx_word' id='word_1_74' title='bbox 832 1503 885 1561; x_wconf 88' lang='lat' dir='ltr'>hac</span> <span class='ocrx_word' id='word_1_75' title='bbox 899 1511 992 1560; x_wconf 88' lang='lat' dir='ltr'>autem</span> <span class='ocrx_word' id='word_1_76' title='bbox 1013 1503 1129 1580; x_wconf 87' lang='lat' dir='ltr'>regione</span> <span class='ocrx_word' id='word_1_77' title='bbox 1148 1503 1222 1560; x_wconf 89' lang='lat' dir='ltr'>inter</span> <span class='ocrx_word' id='word_1_78' title='bbox 1234 1502 1320 1561; x_wconf 89' lang='lat' dir='ltr'>facul·</span> 
     </span>
     <span class='ocr_line' id='line_1_11' title="bbox 230 1582 1318 1678; baseline 0.002 -20"><span class='ocrx_word' id='word_1_79' title='bbox 230 1611 301 1659; x_wconf 89' lang='lat' dir='ltr'>tates</span> <span class='ocrx_word' id='word_1_80' title='bbox 315 1621 331 1659; x_wconf 88' lang='lat' dir='ltr'>a</span> <span class='ocrx_word' id='word_1_81' title='bbox 345 1601 485 1661; x_wconf 88' lang='lat' dir='ltr'>Pontifice</span> <span class='ocrx_word' id='word_1_82' title='bbox 499 1620 660 1672; x_wconf 85' lang='lat' dir='ltr'>concessas,</span> <span class='ocrx_word' id='word_1_83' title='bbox 673 1621 743 1675; x_wconf 91' lang='lat' dir='ltr'>quas</span> <span class='ocrx_word' id='word_1_84' title='bbox 757 1582 946 1661; x_wconf 76' lang='lat' dir='ltr'>missionariis</span> <span class='ocrx_word' id='word_1_85' title='bbox 958 1603 1171 1660; x_wconf 88' lang='lat' dir='ltr'>communicant</span> <span class='ocrx_word' id='word_1_86' title='bbox 1180 1602 1318 1678; x_wconf 87' lang='lat' dir='ltr'>episcopi,</span> 
     </span>
     <span class='ocr_line' id='line_1_12' title="bbox 230 1700 1317 1778; baseline 0.002 -21"><span class='ocrx_word' id='word_1_87' title='bbox 230 1718 264 1758; x_wconf 92' lang='lat' dir='ltr'>ea</span> <span class='ocrx_word' id='word_1_88' title='bbox 277 1700 393 1758; x_wconf 81' lang='lat' dir='ltr'>facultas</span> <span class='ocrx_word' id='word_1_89' title='bbox 407 1703 554 1778; x_wconf 90' lang='lat' dir='ltr'>reperitur,</span> <span class='ocrx_word' id='word_1_90' title='bbox 577 1721 663 1774; x_wconf 90' lang='lat' dir='ltr'>quam</span> <span class='ocrx_word' id='word_1_91' title='bbox 686 1700 792 1761; x_wconf 89' lang='lat' dir='ltr'>idcirco</span> <span class='ocrx_word' id='word_1_92' title='bbox 813 1703 897 1761; x_wconf 89' lang='lat' dir='ltr'>etiam</span> <span class='ocrx_word' id='word_1_93' title='bbox 912 1709 991 1758; x_wconf 90' lang='lat' dir='ltr'>extra</span> <span class='ocrx_word' id='word_1_94' title='bbox 1004 1701 1157 1759; x_wconf 87' lang='lat' dir='ltr'>Jubilaeum</span> <span class='ocrx_word' id='word_1_95' title='bbox 1172 1711 1317 1759; x_wconf 85' lang='lat' dir='ltr'>exercent.</span> 
     </span>
     <span class='ocr_line' id='line_1_13' title="bbox 229 1799 1318 1878; baseline 0.004 -22"><span class='ocrx_word' id='word_1_96' title='bbox 229 1800 392 1858; x_wconf 81' lang='lat' dir='ltr'>Absolvunt</span> <span class='ocrx_word' id='word_1_97' title='bbox 404 1801 487 1859; x_wconf 89' lang='lat' dir='ltr'>etiam</span> <span class='ocrx_word' id='word_1_98' title='bbox 502 1821 518 1858; x_wconf 91' lang='lat' dir='ltr'>a</span> <span class='ocrx_word' id='word_1_99' title='bbox 531 1801 660 1860; x_wconf 86' lang='lat' dir='ltr'>censuris</span> <span class='ocrx_word' id='word_1_100' title='bbox 673 1801 786 1878; x_wconf 93' lang='lat' dir='ltr'>publice</span> <span class='ocrx_word' id='word_1_101' title='bbox 800 1801 959 1869; x_wconf 88' lang='lat' dir='ltr'>contractis,</span> <span class='ocrx_word' id='word_1_102' title='bbox 974 1811 1002 1857; x_wconf 92' lang='lat' dir='ltr'>et</span> <span class='ocrx_word' id='word_1_103' title='bbox 1015 1799 1050 1858; x_wconf 89' lang='lat' dir='ltr'>ad</span> <span class='ocrx_word' id='word_1_104' title='bbox 1063 1801 1155 1858; x_wconf 91' lang='lat' dir='ltr'>forum</span> <span class='ocrx_word' id='word_1_105' title='bbox 1169 1810 1318 1860; x_wconf 90' lang='lat' dir='ltr'>externum</span> 
     </span>
     <span class='ocr_line' id='line_1_14' title="bbox 232 1897 1318 1976; baseline 0.003 -21"><span class='ocrx_word' id='word_1_106' title='bbox 232 1897 378 1958; x_wconf 88' lang='lat' dir='ltr'>deductis:</span> <span class='ocrx_word' id='word_1_107' title='bbox 400 1911 429 1957; x_wconf 92' lang='lat' dir='ltr'>et</span> <span class='ocrx_word' id='word_1_108' title='bbox 449 1907 494 1957; x_wconf 88' lang='lat' dir='ltr'>“a</span> <span class='ocrx_word' id='word_1_109' title='bbox 514 1919 633 1959; x_wconf 88' lang='lat' dir='ltr'>censura</span> <span class='ocrx_word' id='word_1_110' title='bbox 653 1901 687 1958; x_wconf 94' lang='lat' dir='ltr'>ab</span> <span class='ocrx_word' id='word_1_111' title='bbox 710 1900 838 1968; x_wconf 90' lang='lat' dir='ltr'>homine,</span> <span class='ocrx_word' id='word_1_112' title='bbox 859 1919 909 1958; x_wconf 89' lang='lat' dir='ltr'>seu</span> <span class='ocrx_word' id='word_1_113' title='bbox 931 1920 947 1958; x_wconf 94' lang='lat' dir='ltr'>a</span> <span class='ocrx_word' id='word_1_114' title='bbox 967 1917 1147 1972; x_wconf 87' lang='lat' dir='ltr'>quocumque</span> <span class='ocrx_word' id='word_1_115' title='bbox 1164 1898 1261 1976; x_wconf 88' lang='lat' dir='ltr'>judice</span> <span class='ocrx_word' id='word_1_116' title='bbox 1282 1899 1318 1958; x_wconf 90' lang='lat' dir='ltr'>de</span> 
     </span>
     <span class='ocr_line' id='line_1_15' title="bbox 227 1997 1318 2074; baseline 0.002 -18"><span class='ocrx_word' id='word_1_117' title='bbox 227 1999 351 2074; x_wconf 90' lang='lat' dir='ltr'>partibus</span> <span class='ocrx_word' id='word_1_118' title='bbox 372 1999 540 2057; x_wconf 90' lang='lat' dir='ltr'>nominatim</span> <span class='ocrx_word' id='word_1_119' title='bbox 561 1999 650 2066; x_wconf 89' lang='lat' dir='ltr'>lata,&#39;&#39;</span> <span class='ocrx_word' id='word_1_120' title='bbox 672 1998 706 2056; x_wconf 92' lang='lat' dir='ltr'>ad</span> <span class='ocrx_word' id='word_1_121' title='bbox 727 2000 871 2067; x_wconf 86' lang='lat' dir='ltr'>effectum,</span> <span class='ocrx_word' id='word_1_122' title='bbox 893 1997 1047 2067; x_wconf 88' lang='lat' dir='ltr'>dumtaxat,</span> <span class='ocrx_word' id='word_1_123' title='bbox 1062 1997 1252 2074; x_wconf 83' lang='lat' dir='ltr'>indulgentias</span> <span class='ocrx_word' id='word_1_124' title='bbox 1265 1999 1318 2058; x_wconf 83' lang='lat' dir='ltr'>Ju-</span> 
     </span>
     <span class='ocr_line' id='line_1_16' title="bbox 229 2094 1318 2171; baseline 0.003 -17"><span class='ocrx_word' id='word_1_125' title='bbox 229 2097 302 2155; x_wconf 90' lang='lat' dir='ltr'>bilaei</span> <span class='ocrx_word' id='word_1_126' title='bbox 316 2098 522 2171; x_wconf 88' lang='lat' dir='ltr'>consequendi,</span> <span class='ocrx_word' id='word_1_127' title='bbox 537 2098 588 2157; x_wconf 88' lang='lat' dir='ltr'>sed</span> <span class='ocrx_word' id='word_1_128' title='bbox 602 2108 747 2171; x_wconf 91' lang='lat' dir='ltr'>nequeunt</span> <span class='ocrx_word' id='word_1_129' title='bbox 766 2118 799 2156; x_wconf 88' lang='lat' dir='ltr'>ea</span> <span class='ocrx_word' id='word_1_130' title='bbox 813 2099 847 2157; x_wconf 94' lang='lat' dir='ltr'>de</span> <span class='ocrx_word' id='word_1_131' title='bbox 859 2117 891 2156; x_wconf 89' lang='lat' dir='ltr'>re</span> <span class='ocrx_word' id='word_1_132' title='bbox 905 2098 972 2156; x_wconf 87' lang='lat' dir='ltr'>dare</span> <span class='ocrx_word' id='word_1_133' title='bbox 986 2098 1076 2156; x_wconf 90' lang='lat' dir='ltr'>ullum</span> <span class='ocrx_word' id='word_1_134' title='bbox 1098 2094 1318 2157; x_wconf 85' lang='lat' dir='ltr'>testimonium.²</span> 
     </span>
     <span class='ocr_line' id='line_1_17' title="bbox 228 2195 1315 2273; baseline 0.003 -21"><span class='ocrx_word' id='word_1_135' title='bbox 228 2195 270 2253; x_wconf 89' lang='lat' dir='ltr'>lta</span> <span class='ocrx_word' id='word_1_136' title='bbox 296 2199 438 2256; x_wconf 88' lang='lat' dir='ltr'>concessit</span> <span class='ocrx_word' id='word_1_137' title='bbox 462 2198 637 2256; x_wconf 88' lang='lat' dir='ltr'>Benedictus</span> <span class='ocrx_word' id='word_1_138' title='bbox 658 2197 743 2256; x_wconf 91' lang='lat' dir='ltr'><strong>XIV.</strong></span> <span class='ocrx_word' id='word_1_139' title='bbox 771 2200 821 2272; x_wconf 91' lang='lat' dir='ltr'>qui</span> <span class='ocrx_word' id='word_1_140' title='bbox 847 2208 940 2257; x_wconf 90' lang='lat' dir='ltr'>tamen</span> <span class='ocrx_word' id='word_1_141' title='bbox 976 2198 1153 2273; x_wconf 87' lang='lat' dir='ltr'>“praeseutis</span> <span class='ocrx_word' id='word_1_142' title='bbox 1179 2197 1315 2257; x_wconf 83' lang='lat' dir='ltr'>Jubilaei”</span> 
     </span>
     <span class='ocr_line' id='line_1_18' title="bbox 229 2294 1158 2375; baseline 0.003 -24"><span class='ocrx_word' id='word_1_143' title='bbox 229 2294 334 2352; x_wconf 88' lang='lat' dir='ltr'>faciens</span> <span class='ocrx_word' id='word_1_144' title='bbox 348 2297 532 2365; x_wconf 89' lang='lat' dir='ltr'>mentionem,</span> <span class='ocrx_word' id='word_1_145' title='bbox 547 2317 604 2355; x_wconf 90' lang='lat' dir='ltr'>non</span> <span class='ocrx_word' id='word_1_146' title='bbox 619 2296 728 2355; x_wconf 88' lang='lat' dir='ltr'>videtur</span> <span class='ocrx_word' id='word_1_147' title='bbox 736 2299 830 2375; x_wconf 90' lang='lat' dir='ltr'>legem</span> <span class='ocrx_word' id='word_1_148' title='bbox 844 2297 1004 2374; x_wconf 87' lang='lat' dir='ltr'>generalem</span> <span class='ocrx_word' id='word_1_149' title='bbox 1018 2298 1158 2355; x_wconf 84' lang='lat' dir='ltr'>staurisse.</span> 
     </span>
    </p>

    <p class='ocr_par' dir='ltr' id='par_1_4' title="bbox 157 2394 1401 2971">
     <span class='ocr_line' id='line_1_19' title="bbox 268 2394 1317 2473; baseline 0.002 -23"><span class='ocrx_word' id='word_1_150' title='bbox 268 2397 338 2452; x_wconf 84' lang='lat'>260.</span> <span class='ocrx_word' id='word_1_151' title='bbox 360 2394 499 2461; x_wconf 85' lang='lat' dir='ltr'>Quidum</span> <span class='ocrx_word' id='word_1_152' title='bbox 514 2407 641 2473; x_wconf 87' lang='lat' dir='ltr'>tempore</span> <span class='ocrx_word' id='word_1_153' title='bbox 655 2395 770 2456; x_wconf 87' lang='lat' dir='ltr'>Jubilaei</span> <span class='ocrx_word' id='word_1_154' title='bbox 790 2397 979 2464; x_wconf 87' lang='lat' dir='ltr'>confiteretur,</span> <span class='ocrx_word' id='word_1_155' title='bbox 1000 2405 1180 2471; x_wconf 88' lang='lat' dir='ltr'>peccatorum</span> <span class='ocrx_word' id='word_1_156' title='bbox 1194 2413 1317 2453; x_wconf 86' lang='lat' dir='ltr'>reserva-</span> 
     </span>
     <span class='ocr_line' id='line_1_20' title="bbox 230 2493 1366 2571; baseline 0 -23"><span class='ocrx_word' id='word_1_157' title='bbox 230 2504 321 2550; x_wconf 86' lang='lat' dir='ltr'>turum</span> <span class='ocrx_word' id='word_1_158' title='bbox 344 2493 447 2552; x_wconf 87' lang='lat' dir='ltr'>oblitus</span> <span class='ocrx_word' id='word_1_159' title='bbox 469 2503 521 2561; x_wconf 90' lang='grc' dir='ltr'>θεῖ,</span> <span class='ocrx_word' id='word_1_160' title='bbox 544 2496 589 2553; x_wconf 91' lang='lat' dir='ltr'>vel</span> <span class='ocrx_word' id='word_1_161' title='bbox 611 2513 643 2552; x_wconf 90' lang='lat' dir='ltr'>ea</span> <span class='ocrx_word' id='word_1_162' title='bbox 665 2497 764 2554; x_wconf 88' lang='lat' dir='ltr'>omisit</span> <span class='ocrx_word' id='word_1_163' title='bbox 783 2515 820 2554; x_wconf 90' lang='lat' dir='ltr'>ex</span> <span class='ocrx_word' id='word_1_164' title='bbox 841 2514 936 2562; x_wconf 87' lang='lat' dir='ltr'>causa,</span> <span class='ocrx_word' id='word_1_165' title='bbox 960 2495 1064 2571; x_wconf 91' lang='lat' dir='ltr'>poterit</span> <span class='ocrx_word' id='word_1_166' title='bbox 1089 2512 1188 2552; x_wconf 90' lang='lat' dir='ltr'>eorum</span> <span class='ocrx_word' id='word_1_167' title='bbox 1203 2494 1316 2554; x_wconf 86' lang='lat' dir='ltr'>absolu·</span> <span class='ocrx_word' id='word_1_168' title='bbox 1362 2541 1366 2548; x_wconf 93' lang='lat'>.</span> 
     </span>
     <span class='ocr_line' id='line_1_21' title="bbox 230 2589 1401 2678; baseline 0.003 -29"><span class='ocrx_word' id='word_1_169' title='bbox 230 2591 334 2650; x_wconf 89' lang='lat' dir='ltr'>tionem</span> <span class='ocrx_word' id='word_1_170' title='bbox 351 2589 487 2671; x_wconf 83' lang='lat' dir='ltr'>deinceps</span> <span class='ocrx_word' id='word_1_171' title='bbox 501 2596 735 2678; x_wconf 45' lang='lat' dir='ltr'>consequignam</span> <span class='ocrx_word' id='word_1_172' title='bbox 752 2596 801 2672; x_wconf 90' lang='lat' dir='ltr'>jus</span> <span class='ocrx_word' id='word_1_173' title='bbox 822 2595 857 2652; x_wconf 90' lang='lat' dir='ltr'>ad</span> <span class='ocrx_word' id='word_1_174' title='bbox 877 2613 941 2652; x_wconf 88' lang='lat' dir='ltr'>earu</span> <span class='ocrx_word' id='word_1_175' title='bbox 962 2592 1124 2652; x_wconf 90' lang='lat' dir='ltr'>confitendo</span> <span class='ocrx_word' id='word_1_176' title='bbox 1139 2612 1174 2652; x_wconf 92' lang='lat' dir='ltr'>eo</span> <span class='ocrx_word' id='word_1_177' title='bbox 1187 2605 1315 2670; x_wconf 87' lang='lat' dir='ltr'>tempore</span> <span class='ocrx_word' id='word_1_178' title='bbox 1399 2660 1401 2668; x_wconf 25' lang='grc' dir='ltr'>Ι</span> 
     </span>
     <span class='ocr_line' id='line_1_22' title="bbox 157 2692 1322 2770; baseline 0.004 -24"><span class='ocrx_word' id='word_1_179' title='bbox 157 2707 161 2714; x_wconf 85' lang='grc'><strong>’</strong></span> <span class='ocrx_word' id='word_1_180' title='bbox 229 2693 384 2764; x_wconf 89' lang='lat' dir='ltr'>acquisivit.</span> <span class='ocrx_word' id='word_1_181' title='bbox 428 2694 477 2752; x_wconf 82' lang='lat' dir='ltr'>Sic</span> <span class='ocrx_word' id='word_1_182' title='bbox 491 2704 519 2751; x_wconf 94' lang='lat' dir='ltr'>et</span> <span class='ocrx_word' id='word_1_183' title='bbox 533 2695 581 2766; x_wconf 91' lang='lat' dir='ltr'>qui</span> <span class='ocrx_word' id='word_1_184' title='bbox 594 2695 682 2770; x_wconf 88' lang='lat' dir='ltr'>coepit</span> <span class='ocrx_word' id='word_1_185' title='bbox 694 2694 831 2763; x_wconf 83' lang='lat' dir='ltr'>confiteri,</span> <span class='ocrx_word' id='word_1_186' title='bbox 847 2695 898 2754; x_wconf 87' lang='lat' dir='ltr'>sed</span> <span class='ocrx_word' id='word_1_187' title='bbox 912 2694 1088 2760; x_wconf 86' lang='lat' dir='ltr'>absolutione</span> <span class='ocrx_word' id='word_1_188' title='bbox 1102 2712 1159 2753; x_wconf 90' lang='lat' dir='ltr'>non</span> <span class='ocrx_word' id='word_1_189' title='bbox 1174 2703 1218 2752; x_wconf 92' lang='lat' dir='ltr'>est</span> <span class='ocrx_word' id='word_1_190' title='bbox 1230 2692 1322 2753; x_wconf 57' lang='lat' dir='ltr'>dona?</span> 
     </span>
     <span class='ocr_line' id='line_1_23' title="bbox 228 2792 1315 2870; baseline 0.006 -24"><span class='ocrx_word' id='word_1_191' title='bbox 228 2799 271 2847; x_wconf 89' lang='lat' dir='ltr'>tus</span> <span class='ocrx_word' id='word_1_192' title='bbox 296 2792 369 2851; x_wconf 89' lang='lat' dir='ltr'>intra</span> <span class='ocrx_word' id='word_1_193' title='bbox 397 2803 509 2869; x_wconf 85' lang='lat' dir='ltr'>tempus</span> <span class='ocrx_word' id='word_1_194' title='bbox 536 2792 661 2861; x_wconf 85' lang='lat' dir='ltr'>Jubilaei‚</span> <span class='ocrx_word' id='word_1_195' title='bbox 686 2795 789 2870; x_wconf 92' lang='lat' dir='ltr'>poterit</span> <span class='ocrx_word' id='word_1_196' title='bbox 814 2814 830 2852; x_wconf 95' lang='lat' dir='ltr'>a</span> <span class='ocrx_word' id='word_1_197' title='bbox 854 2795 1003 2853; x_wconf 87' lang='lat' dir='ltr'>reservatis</span> <span class='ocrx_word' id='word_1_198' title='bbox 1025 2795 1144 2862; x_wconf 90' lang='lat' dir='ltr'>absolvi,</span> <span class='ocrx_word' id='word_1_199' title='bbox 1171 2813 1205 2852; x_wconf 93' lang='lat' dir='ltr'>eo</span> <span class='ocrx_word' id='word_1_200' title='bbox 1231 2795 1315 2852; x_wconf 87' lang='lat' dir='ltr'>etiam</span> 
     </span>
     <span class='ocr_line' id='line_1_24' title="bbox 227 2893 921 2971; baseline 0.007 -26"><span class='ocrx_word' id='word_1_201' title='bbox 227 2900 377 2958; x_wconf 88' lang='lat' dir='ltr'>transacto,</span> <span class='ocrx_word' id='word_1_202' title='bbox 392 2911 458 2951; x_wconf 92' lang='lat' dir='ltr'>nam</span> <span class='ocrx_word' id='word_1_203' title='bbox 472 2901 515 2950; x_wconf 86' lang='lat' dir='ltr'>est</span> <span class='ocrx_word' id='word_1_204' title='bbox 528 2893 704 2950; x_wconf 87' lang='lat' dir='ltr'>continuatio</span> <span class='ocrx_word' id='word_1_205' title='bbox 718 2893 801 2971; x_wconf 88' lang='lat' dir='ltr'>coepti</span> <span class='ocrx_word' id='word_1_206' title='bbox 810 2893 921 2970; x_wconf 88' lang='lat' dir='ltr'>judicii.</span> 
     </span>
    </p>

    <p class='ocr_par' dir='ltr' id='par_1_5' title="bbox 227 2989 1314 3266">
     <span class='ocr_line' id='line_1_25' title="bbox 265 2989 1314 3069; baseline 0.006 -24"><span class='ocrx_word' id='word_1_207' title='bbox 265 2992 334 3046; x_wconf 83' lang='lat'>261.</span> <span class='ocrx_word' id='word_1_208' title='bbox 357 2989 496 3050; x_wconf 87' lang='lat' dir='ltr'>Votorum</span> <span class='ocrx_word' id='word_1_209' title='bbox 512 2993 696 3051; x_wconf 91' lang='lat' dir='ltr'>commutatio</span> <span class='ocrx_word' id='word_1_210' title='bbox 710 3001 777 3069; x_wconf 91' lang='lat' dir='ltr'>pos&#39;t</span> <span class='ocrx_word' id='word_1_211' title='bbox 790 3001 900 3069; x_wconf 90' lang='lat' dir='ltr'>tempus</span> <span class='ocrx_word' id='word_1_212' title='bbox 919 2991 1033 3051; x_wconf 84' lang='lat' dir='ltr'>Jubilaei</span> <span class='ocrx_word' id='word_1_213' title='bbox 1057 2993 1091 3049; x_wconf 91' lang='lat' dir='ltr'>ab</span> <span class='ocrx_word' id='word_1_214' title='bbox 1114 3011 1149 3050; x_wconf 92' lang='lat' dir='ltr'>eo</span> <span class='ocrx_word' id='word_1_215' title='bbox 1170 2993 1314 3069; x_wconf 91' lang='lat' dir='ltr'>impetrari</span> 
     </span>
     <span class='ocr_line' id='line_1_26' title="bbox 227 3087 1314 3168; baseline 0.004 -24"><span class='ocrx_word' id='word_1_216' title='bbox 227 3105 311 3161; x_wconf 90' lang='lat' dir='ltr'>posse</span> <span class='ocrx_word' id='word_1_217' title='bbox 326 3087 445 3158; x_wconf 89' lang='lat' dir='ltr'>videtur,</span> <span class='ocrx_word' id='word_1_218' title='bbox 456 3090 508 3163; x_wconf 85' lang='lat' dir='ltr'>‚qui</span> <span class='ocrx_word' id='word_1_219' title='bbox 522 3109 608 3167; x_wconf 90' lang='lat' dir='ltr'>opera</span> <span class='ocrx_word' id='word_1_220' title='bbox 621 3092 786 3168; x_wconf 81' lang='lat' dir='ltr'>prescripta</span> <span class='ocrx_word' id='word_1_221' title='bbox 799 3091 936 3168; x_wconf 90' lang='lat' dir='ltr'>implevit,</span> <span class='ocrx_word' id='word_1_222' title='bbox 958 3091 1111 3162; x_wconf 87' lang='lat' dir='ltr'>acquisivit</span> <span class='ocrx_word' id='word_1_223' title='bbox 1130 3092 1205 3148; x_wconf 88' lang='lat' dir='ltr'>enirn</span> <span class='ocrx_word' id='word_1_224' title='bbox 1216 3091 1264 3166; x_wconf 89' lang='lat' dir='ltr'>jus</span> <span class='ocrx_word' id='word_1_225' title='bbox 1279 3091 1314 3148; x_wconf 93' lang='lat' dir='ltr'>ad</span> 
     </span>
     <span class='ocr_line' id='line_1_27' title="bbox 227 3185 1206 3266; baseline 0.003 -24"><span class='ocrx_word' id='word_1_226' title='bbox 227 3203 307 3242; x_wconf 91' lang='lat' dir='ltr'>eam:</span> <span class='ocrx_word' id='word_1_227' title='bbox 330 3189 449 3263; x_wconf 88' lang='lat' dir='ltr'>proinde</span> <span class='ocrx_word' id='word_1_228' title='bbox 462 3191 497 3247; x_wconf 88' lang='lat' dir='ltr'>ab</span> <span class='ocrx_word' id='word_1_229' title='bbox 511 3191 567 3248; x_wconf 86' lang='lat' dir='ltr'>alio</span> <span class='ocrx_word' id='word_1_230' title='bbox 580 3208 762 3264; x_wconf 89' lang='lat' dir='ltr'>quocumque</span> <span class='ocrx_word' id='word_1_231' title='bbox 776 3190 951 3248; x_wconf 87' lang='lat' dir='ltr'>confessario</span> <span class='ocrx_word' id='word_1_232' title='bbox 964 3188 1082 3248; x_wconf 89' lang='lat' dir='ltr'>concedi</span> <span class='ocrx_word' id='word_1_233' title='bbox 1096 3185 1206 3266; x_wconf 57' lang='lat' dir='ltr'>potest*</span> 
     </span>
    </p>

    <p class='ocr_par' dir='ltr' id='par_1_6' title="bbox 224 3285 1315 3939">
     <span class='ocr_line' id='line_1_28' title="bbox 264 3285 1315 3366; baseline 0.003 -25"><span class='ocrx_word' id='word_1_234' title='bbox 264 3288 336 3344; x_wconf 82' lang='grc'><strong>262.</strong></span> <span class='ocrx_word' id='word_1_235' title='bbox 359 3287 474 3346; x_wconf 88' lang='lat' dir='ltr'>Vocalis</span> <span class='ocrx_word' id='word_1_236' title='bbox 489 3289 583 3362; x_wconf 91' lang='lat' dir='ltr'>aliqua</span> <span class='ocrx_word' id='word_1_237' title='bbox 597 3291 688 3348; x_wconf 90' lang='lat' dir='ltr'>oratio</span> <span class='ocrx_word' id='word_1_238' title='bbox 712 3290 822 3348; x_wconf 91' lang='lat' dir='ltr'>videtur</span> <span class='ocrx_word' id='word_1_239' title='bbox 840 3290 984 3366; x_wconf 90' lang='lat' dir='ltr'>plerisque</span> <span class='ocrx_word' id='word_1_240' title='bbox 1004 3288 1162 3346; x_wconf 88' lang='lat' dir='ltr'>necessaria</span> <span class='ocrx_word' id='word_1_241' title='bbox 1176 3287 1210 3344; x_wconf 89' lang='lat' dir='ltr'>ad</span> <span class='ocrx_word' id='word_1_242' title='bbox 1224 3285 1315 3345; x_wconf 52' lang='lat' dir='ltr'>indul*</span> 
     </span>
     <span class='ocr_line' id='line_1_29' title="bbox 226 3385 1315 3464; baseline 0.006 -24"><span class='ocrx_word' id='word_1_243' title='bbox 226 3385 350 3460; x_wconf 88' lang='lat' dir='ltr'>gentiam</span> <span class='ocrx_word' id='word_1_244' title='bbox 377 3386 491 3446; x_wconf 86' lang='lat' dir='ltr'>Jubilaei</span> <span class='ocrx_word' id='word_1_245' title='bbox 511 3388 753 3461; x_wconf 86' lang='lat' dir='ltr'>consequendam,</span> <span class='ocrx_word' id='word_1_246' title='bbox 781 3407 847 3446; x_wconf 89' lang='lat' dir='ltr'>nam</span> <span class='ocrx_word' id='word_1_247' title='bbox 870 3407 903 3446; x_wconf 89' lang='lat' dir='ltr'>ea</span> <span class='ocrx_word' id='word_1_248' title='bbox 929 3389 1070 3464; x_wconf 82' lang='lat' dir='ltr'>praeclpue</span> <span class='ocrx_word' id='word_1_249' title='bbox 1098 3386 1263 3464; x_wconf 86' lang='lat' dir='ltr'>intelligitur</span> <span class='ocrx_word' id='word_1_250' title='bbox 1285 3387 1315 3446; x_wconf 90' lang='lat' dir='ltr'>in</span> 
     </span>
     <span class='ocr_line' id='line_1_30' title="bbox 227 3482 1313 3561; baseline 0.003 -21"><span class='ocrx_word' id='word_1_251' title='bbox 227 3482 346 3542; x_wconf 86' lang='lat' dir='ltr'>decretis</span> <span class='ocrx_word' id='word_1_252' title='bbox 358 3487 511 3546; x_wconf 78' lang='lat' dir='ltr'>Ecclesia.</span> <span class='ocrx_word' id='word_1_253' title='bbox 554 3487 689 3561; x_wconf 89' lang='lat' dir='ltr'>Plerique</span> <span class='ocrx_word' id='word_1_254' title='bbox 709 3497 835 3555; x_wconf 88' lang='lat' dir='ltr'>censent,</span> <span class='ocrx_word' id='word_1_255' title='bbox 847 3487 945 3544; x_wconf 90' lang='lat' dir='ltr'>nescio</span> <span class='ocrx_word' id='word_1_256' title='bbox 959 3505 1016 3560; x_wconf 94' lang='lat' dir='ltr'>quo</span> <span class='ocrx_word' id='word_1_257' title='bbox 1027 3485 1219 3554; x_wconf 89' lang='lat' dir='ltr'>fundamento,</span> <span class='ocrx_word' id='word_1_258' title='bbox 1231 3487 1313 3558; x_wconf 90' lang='lat' dir='ltr'>quin·</span> 
     </span>
     <span class='ocr_line' id='line_1_31' title="bbox 226 3583 1313 3664; baseline 0.004 -24"><span class='ocrx_word' id='word_1_259' title='bbox 226 3583 306 3655; x_wconf 86' lang='lat' dir='ltr'>quies</span> <span class='ocrx_word' id='word_1_260' title='bbox 333 3589 491 3647; x_wconf 89' lang='lat' dir='ltr'>orationem</span> <span class='ocrx_word' id='word_1_261' title='bbox 517 3586 701 3646; x_wconf 87' lang='lat' dir='ltr'>Dominicam</span> <span class='ocrx_word' id='word_1_262' title='bbox 728 3597 756 3644; x_wconf 91' lang='lat' dir='ltr'>et</span> <span class='ocrx_word' id='word_1_263' title='bbox 788 3587 983 3645; x_wconf 89' lang='lat' dir='ltr'>salutationem</span> <span class='ocrx_word' id='word_1_264' title='bbox 1011 3586 1169 3664; x_wconf 88' lang='lat' dir='ltr'>angelicam</span> <span class='ocrx_word' id='word_1_265' title='bbox 1195 3585 1313 3644; x_wconf 88' lang='lat' dir='ltr'>recitan-</span> 
     </span>
     <span class='ocr_line' id='line_1_32' title="bbox 224 3681 1312 3763; baseline 0.004 -24"><span class='ocrx_word' id='word_1_266' title='bbox 224 3681 297 3742; x_wconf 91' lang='lat' dir='ltr'>dam.</span> <span class='ocrx_word' id='word_1_267' title='bbox 340 3685 374 3744; x_wconf 81' lang='lat' dir='ltr'>st</span> <span class='ocrx_word' id='word_1_268' title='bbox 395 3687 518 3746; x_wconf 89' lang='lat' dir='ltr'>visitatio</span> <span class='ocrx_word' id='word_1_269' title='bbox 539 3687 669 3745; x_wconf 75' lang='lat' dir='ltr'>ecclesia</span> <span class='ocrx_word' id='word_1_270' title='bbox 689 3687 895 3763; x_wconf 72' lang='lat' dir='ltr'>proscribatur,</span> <span class='ocrx_word' id='word_1_271' title='bbox 919 3686 1025 3744; x_wconf 85' lang='lat' dir='ltr'>sufficit</span> <span class='ocrx_word' id='word_1_272' title='bbox 1045 3695 1124 3744; x_wconf 89' lang='lat' dir='ltr'>extra</span> <span class='ocrx_word' id='word_1_273' title='bbox 1145 3705 1207 3745; x_wconf 88' lang='lat' dir='ltr'>eam</span> <span class='ocrx_word' id='word_1_274' title='bbox 1222 3704 1312 3754; x_wconf 87' lang='lat' dir='ltr'>orare,</span> 
     </span>
     <span class='ocr_line' id='line_1_33' title="bbox 224 3784 1315 3863; baseline 0.002 -24"><span class='ocrx_word' id='word_1_275' title='bbox 224 3784 332 3852; x_wconf 89' lang='lat' dir='ltr'>quoties</span> <span class='ocrx_word' id='word_1_276' title='bbox 347 3787 526 3846; x_wconf 89' lang='lat' dir='ltr'>multitudine</span> <span class='ocrx_word' id='word_1_277' title='bbox 546 3786 695 3846; x_wconf 89' lang='lat' dir='ltr'>hominum</span> <span class='ocrx_word' id='word_1_278' title='bbox 717 3787 862 3862; x_wconf 88' lang='lat' dir='ltr'>ingressus</span> <span class='ocrx_word' id='word_1_279' title='bbox 876 3785 1039 3863; x_wconf 89' lang='lat' dir='ltr'>impeditur,</span> <span class='ocrx_word' id='word_1_280' title='bbox 1063 3787 1109 3844; x_wconf 91' lang='lat' dir='ltr'>vel</span> <span class='ocrx_word' id='word_1_281' title='bbox 1129 3787 1256 3845; x_wconf 90' lang='lat' dir='ltr'>clausum</span> <span class='ocrx_word' id='word_1_282' title='bbox 1277 3787 1315 3843; x_wconf 90' lang='lat' dir='ltr'>sit</span> 
     </span>
     <span class='ocr_line' id='line_1_34' title="bbox 224 3881 338 3939; baseline 0.035 -4"><span class='ocrx_word' id='word_1_283' title='bbox 224 3881 338 3939; x_wconf 90' lang='lat' dir='ltr'>ostium.</span> 
     </span>
    </p>

    <p class='ocr_par' dir='ltr' id='par_1_7' title="bbox 224 3980 1313 4160">
     <span class='ocr_line' id='line_1_35' title="bbox 261 3980 1313 4060; baseline 0.001 -25"><span class='ocrx_word' id='word_1_284' title='bbox 261 3981 331 4036; x_wconf 83' lang='grc'><strong>263.</strong></span> <span class='ocrx_word' id='word_1_285' title='bbox 352 3980 558 4060; x_wconf 89' lang='lat' dir='ltr'>Eleemosyna,</span> <span class='ocrx_word' id='word_1_286' title='bbox 574 3985 599 4041; x_wconf 88' lang='lat' dir='ltr'>si</span> <span class='ocrx_word' id='word_1_287' title='bbox 622 4002 673 4060; x_wconf 93' lang='lat' dir='ltr'>pro</span> <span class='ocrx_word' id='word_1_288' title='bbox 694 3984 835 4060; x_wconf 91' lang='lat' dir='ltr'>cujusque</span> <span class='ocrx_word' id='word_1_289' title='bbox 849 3984 978 4041; x_wconf 86' lang='lat' dir='ltr'>facultate</span> <span class='ocrx_word' id='word_1_290' title='bbox 998 3981 1091 4040; x_wconf 87' lang='lat' dir='ltr'>danda</span> <span class='ocrx_word' id='word_1_291' title='bbox 1104 3983 1150 4049; x_wconf 89' lang='lat' dir='ltr'>sit,</span> <span class='ocrx_word' id='word_1_292' title='bbox 1165 3981 1313 4057; x_wconf 86' lang='lat' dir='ltr'>copiosaa</span> 
     </span>
     <span class='ocr_line' id='line_1_36' title="bbox 224 4074 1308 4160; baseline 0.003 -29"><span class='ocrx_word' id='word_1_293' title='bbox 224 4074 358 4136; x_wconf 90' lang='lat' dir='ltr'>divitibus</span> <span class='ocrx_word' id='word_1_294' title='bbox 381 4079 462 4138; x_wconf 89' lang='lat' dir='ltr'>detur</span> <span class='ocrx_word' id='word_1_295' title='bbox 482 4090 621 4159; x_wconf 89' lang='lat' dir='ltr'>oporteat,</span> <span class='ocrx_word' id='word_1_296' title='bbox 643 4101 695 4160; x_wconf 93' lang='lat' dir='ltr'>pro</span> <span class='ocrx_word' id='word_1_297' title='bbox 718 4083 759 4140; x_wconf 89' lang='lat' dir='ltr'>rei</span> <span class='ocrx_word' id='word_1_298' title='bbox 781 4082 811 4139; x_wconf 88' lang='lat' dir='ltr'>iu</span> <span class='ocrx_word' id='word_1_299' title='bbox 831 4099 916 4155; x_wconf 90' lang='lat' dir='ltr'>quam</span> <span class='ocrx_word' id='word_1_300' title='bbox 938 4079 1110 4140; x_wconf 90' lang='lat' dir='ltr'>conferenda</span> <span class='ocrx_word' id='word_1_301' title='bbox 1124 4088 1167 4136; x_wconf 89' lang='lat' dir='ltr'>est</span> <span class='ocrx_word' id='word_1_302' title='bbox 1180 4080 1308 4135; x_wconf 90' lang='lat' dir='ltr'>ratione:</span> 
     </span>
    </p>
   </div>
   <div class='ocr_carea' id='block_1_3' title="bbox 425 4299 1118 4538">
    <p class='ocr_par' dir='ltr' id='par_1_8' title="bbox 425 4299 1118 4538">
     <span class='ocr_line' id='line_1_37' title="bbox 426 4299 900 4367; baseline 0.004 -20"><span class='ocrx_word' id='word_1_303' title='bbox 426 4301 468 4367; x_wconf 84' lang='lat' dir='ltr'>(l)</span> <span class='ocrx_word' id='word_1_304' title='bbox 489 4299 629 4351; x_wconf 73' lang='lat' dir='ltr'>Beuxtv.</span> <span class='ocrx_word' id='word_1_305' title='bbox 643 4301 729 4351; x_wconf 80' lang='lat' dir='ltr'>Const.</span> <span class='ocrx_word' id='word_1_306' title='bbox 747 4301 900 4352; x_wconf 79' lang='lat' dir='ltr'>Convocatis.</span> 
     </span>
     <span class='ocr_line' id='line_1_38' title="bbox 425 4382 1118 4452; baseline -0.003 -18"><span class='ocrx_word' id='word_1_307' title='bbox 425 4388 467 4452; x_wconf 81' lang='lat'>(2)</span> <span class='ocrx_word' id='word_1_308' title='bbox 488 4386 562 4450; x_wconf 87' lang='lat' dir='ltr'>Apud</span> <span class='ocrx_word' id='word_1_309' title='bbox 574 4387 600 4435; x_wconf 81' lang='lat' dir='ltr'>S.</span> <span class='ocrx_word' id='word_1_310' title='bbox 612 4388 778 4451; x_wconf 88' lang='lat' dir='ltr'>Alphcnsum,</span> <span class='ocrx_word' id='word_1_311' title='bbox 790 4387 805 4438; x_wconf 88' lang='lat' dir='ltr'>l.</span> <span class='ocrx_word' id='word_1_312' title='bbox 818 4387 849 4435; x_wconf 90' lang='lat' dir='ltr'>vi.</span> <span class='ocrx_word' id='word_1_313' title='bbox 860 4402 885 4435; x_wconf 89' lang='lat' dir='ltr'>n.</span> <span class='ocrx_word' id='word_1_314' title='bbox 898 4387 955 4434; x_wconf 78' lang='lat'>5³7.</span> <span class='ocrx_word' id='word_1_315' title='bbox 974 4383 1055 4444; x_wconf 79' lang='lat' dir='ltr'>Quaer.</span> <span class='ocrx_word' id='word_1_316' title='bbox 1068 4382 1118 4433; x_wconf 88' lang='lat' dir='ltr'>viii.</span> 
     </span>
     <span class='ocr_line' id='line_1_39' title="bbox 426 4468 897 4538; baseline 0.004 -18"><span class='ocrx_word' id='word_1_317' title='bbox 426 4473 469 4538; x_wconf 78' lang='lat'>(3)</span> <span class='ocrx_word' id='word_1_318' title='bbox 490 4471 552 4521; x_wconf 89' lang='lat' dir='ltr'>Ben.</span> <span class='ocrx_word' id='word_1_319' title='bbox 563 4471 632 4522; x_wconf 86' lang='lat' dir='ltr'>XIV.</span> <span class='ocrx_word' id='word_1_320' title='bbox 642 4471 728 4521; x_wconf 84' lang='lat' dir='ltr'>Const.</span> <span class='ocrx_word' id='word_1_321' title='bbox 743 4468 897 4522; x_wconf 72' lang='lat' dir='ltr'>Convocatis.</span> 
     </span>
    </p>
   </div>
   <div class='ocr_carea' id='block_1_4' title="bbox 732 4571 801 4625">
    <p class='ocr_par' dir='ltr' id='par_1_9' title="bbox 732 4571 801 4625">
     <span class='ocr_line' id='line_1_40' title="bbox 732 4571 801 4625; baseline 0.014 -1"><span class='ocrx_word' id='word_1_322' title='bbox 732 4571 801 4625; x_wconf 72' lang='lat'>22*</span> 
     </span>
    </p>
   </div>
   <div class='ocr_carea' id='block_1_5' title="bbox 0 0 1576 5192">
    <p class='ocr_par' dir='ltr' id='par_1_10' title="bbox 0 0 1576 5192">
     <span class='ocr_line' id='line_1_41' title="bbox 0 0 1576 5192; baseline 0 3"><span class='ocrx_word' id='word_1_323' title='bbox 0 0 1576 5192; x_wconf 95' lang='lat' dir='ltr'> </span> 
     </span>
    </p>
   </div>
  </div>
 </body>
</html>
