3172 5172
230 551 286 608 178
556 545 614 606 DE
636 543 986 606 SATISFAO'I'IONE.

667 1066 808 1126 CAPUT
829 1066 883 1124 Vl.

616 1282 655 1320 DE
677 1279 922 1320 SATISFACTIONE·

270 1448 319 1502 98.
342 1442 514 1510 satisfactio,
529 1460 592 1514 quae
615 1441 694 1500 tertia
707 1458 773 1516 pars
789 1441 958 1497 sacramenti
972 1440 1143 1517 poenitentiae
1158 1440 1267 1510 dicitur,
1280 1451 1323 1500 est

232 1545 327 1620 operis
341 1545 370 1602 in
384 1561 498 1620 poenam
512 1543 621 1617 peccati
635 1561 651 1598 a
666 1539 813 1596 sacerdote
828 1538 947 1614 injuncti
960 1540 1126 1616 acceptatio,
1141 1549 1170 1597 et
1182 1541 1320 1616 impletio.

233 1641 378 1714 Equidem
392 1640 584 1700 satisfaciendi
598 1641 729 1698 voluntas
744 1637 778 1696 ad
801 1645 1007 1697 sacramentum
1030 1641 1148 1698 omnino
1162 1642 1322 1720 necessaria

232 1751 293 1809 est,
315 1760 400 1800 nemo
414 1741 490 1798 enim
503 1739 615 1798 veniam
629 1739 767 1810 consequi
781 1746 884 1813 potest,
900 1737 949 1809 qui
968 1740 1063 1796 animo
1084 1757 1140 1796 non
1154 1748 1198 1796 est
1211 1749 1322 1817 paratus

233 1859 298 1913 qnae
313 1841 432 1918 patravit
445 1839 519 1898 mala
533 1838 639 1906 tollere,
654 1847 682 1896 et
695 1856 758 1910 qnae
772 1835 838 1894 inde
849 1845 945 1894 secuta
960 1849 1025 1895 sunt
1036 1855 1184 1914 reparare:
1206 1839 1280 1896 sicut
1297 1847 1325 1894 et

233 1940 354 2017 implere
368 1959 430 2014 quae
444 1938 587 2005 sacerdos,
600 1936 708 2015 ligandi
721 1944 860 2016 potestate
875 1945 967 2004 utens,
983 1937 1047 1996 ideo
1057 1938 1185 2014 jusserit.
1212 1936 1322 2014 Injuria

231 2039 297 2097 Deo
310 2039 385 2097 illata
397 2047 512 2115 peccato
526 2038 602 2095 nulla
612 2037 739 2095 hominis
754 2055 842 2112 opera
855 2035 917 2093 tolli
931 2035 1047 2109 quidem
1061 2045 1173 2114 potest;
1196 2035 1247 2094 sed
1261 2055 1321 2112 poe-

233 2139 349 2196 nitentis
362 2137 522 2195 humiliatio
536 2145 565 2192 et
578 2137 686 2213 punitio
700 2155 752 2212 per
771 2134 882 2193 Christi
905 2137 1006 2194 merita
1025 2137 1143 2194 inservit
1162 2134 1196 2192 ad
1210 2153 1324 2212 poenam

232 2237 356 2314 peccatis
370 2236 494 2295 debitam
508 2234 651 2294 luendam.
694 2237 827 2293 Attamen
842 2234 936 2293 “Deo
953 2235 1112 2294 secundum
1126 2235 1167 2293 rei
1180 2235 1325 2293 veritatem

233 2336 305 2394 nihil
318 2335 445 2394 subtrahi
465 2344 568 2412 potest,
592 2336 724 2408 quamvis
748 2343 890 2410 peccator,
907 2343 1043 2407 quantum
1063 2336 1204 2402 inesset,
1220 2332 1327 2406 aliquid

237 2434 400 2496 subtrahat:
421 2444 450 2493 et
469 2433 534 2494 ideo
558 2436 586 2493 in
601 2437 649 2494 tali
662 2434 856 2494 satisfactione
870 2433 1054 2510 principalius
1068 2435 1219 2507 requiritur
1232 2451 1327 2491 ernen-

234 2535 311 2594 datio
333 2536 364 2594 in
386 2535 522 2604 futurum,
538 2553 624 2607 quarn
645 2533 874 2610 recompensatio
895 2527 1148 2608 preteritorum.”l
1189 2532 1327 2592 Proximo
1416 2594 1417 2600 χ

233 2637 319 2692 etiarn
341 2635 464 2709 peccatis
487 2634 591 2692 nostris
610 2632 679 2691 laeso
702 2633 868 2690 satisfacere
888 2641 1016 2709 oportct3
1046 2651 1099 2690 nec
1123 2633 1236 2691 veniam
1261 2631 1328 2690 licet

232 2750 357 2809 sperare,
371 2732 426 2789 nisi
446 2721 509 2802 quac
533 2731 609 2788 illata
629 2741 696 2790 snnt
709 2731 822 2799 damna,
843 2742 928 2807 prout
940 2733 1127 2806 potuerimus,
1141 2749 1324 2808 reparemus:

233 2831 283 2888 sed
297 2829 498 2887 satisfactionis
511 2831 639 2897 nomine,
654 2840 739 2907 prout
760 2849 825 2906 pars
849 2841 893 2887 est
907 2831 1089 2907 poenitentiae,
1104 2849 1167 2903 qnae
1181 2829 1216 2888 ad
1230 2829 1325 2888 Deum

235 2928 405 3005 placandum
431 2928 513 2996 fiunt,
537 2919 680 3006 praecipue
694 2930 899 3007 intelliguntur.
950 2930 1053 2988 Nobis·
1069 2941 1163 2988 antem
1190 2931 1323 3006 operibns

234 3027 400 3107 hujusmodi
414 3029 575 3104 poenalibus
588 3030 756 3097 consulitur,
764 3048 829 3089 narn
841 3028 1040 3087 tentationibus
1054 3028 1221 3088 resistendis
1234 3029 1325 3105 magis

235 3128 355 3188 idoneus
366 3129 407 3196 fit,
417 3129 467 3201 qui
480 3137 596 3206 peccata
609 3129 733 3187 admissa
743 3129 859 3205 expiare
867 3127 970 3186 studet.
994 3138 1013 3164 ‘⁶
1026 3129 1112 3187 Unde
1122 3139 1151 3186 et
1161 3129 1325 3194 satisfactio,

235 3248 298 3301 quae
311 3238 355 3286 est
363 3228 480 3306 justitia
495 3236 572 3285 actus
586 3247 699 3304 poenam
713 3228 874 3295 inferentia,
884 3238 927 3284 est
941 3227 1082 3286 medicina
1095 3247 1195 3287 curans
1209 3236 1325 3304 peccata

236 3328 384 3403 praeterita,
399 3337 428 3384 et
440 3345 617 3403 praeservans
632 3347 648 3384 a
668 3322 820 3385 futuris.'’²
860 3315 1003 3393 Quaelibet
1022 3337 1114 3385 autem
1129 3329 1240 3385 virtutis
1254 3328 1327 3385 actio

234 3426 436 3485 satisfactionis
450 3427 589 3485 rationem
602 3427 705 3484 habere
720 3435 832 3502 potest3
848 3436 985 3498 quatenns
1000 3427 1115 3485 nonnisi
1128 3445 1193 3484 cum
1207 3425 1326 3484 difficul-

233 3535 288 3583 tate
302 3526 423 3598 quadam
437 3535 594 3594 exercetur,
603 3545 666 3599 quae
677 3526 743 3583 ideo
756 3543 847 3601 poenae
860 3524 924 3583 loco
937 3535 991 3584 est.
1020 3525 1212 3584 tendicartva
1221 3525 1323 3584 dicitur

235 3625 410 3699 penitentia,
426 3643 488 3695 qnae
503 3626 532 3682 in
546 3624 713 3684 delictorum
728 3624 918 3681 admissorum
929 3644 1041 3701 poenam
1054 3625 1195 3701 praecipuc
1206 3624 1327 3700 suscipi-

236 3731 298 3778 tur:
320 3719 511 3779 medc'cinalc's
532 3721 598 3781 verb
622 3733 667 3782 est
692 3742 755 3796 qnae
777 3724 807 3780 in
827 3723 928 3780 animm
949 3725 1118 3792 remedium,
1140 3741 1197 3795 quo
1217 3724 1328 3782 scilicet

238 3819 304 3879 vitia
317 3820 459 3887 tollantur,
475 3821 559 3879 cedit.
601 3823 713 3881 Eadem
729 3824 802 3880 actio
816 3840 892 3898 saepe
907 3831 935 3879 ct
948 3841 1038 3898 poenae
1052 3832 1080 3880 et
1098 3821 1218 3881 remedii
1231 3823 1327 3880 locum

238 3921 356 3980 obtinet.
398 3919 483 3987 Quod
496 3922 641 3998 peragitur
655 3941 728 3998 opus
743 3940 780 3980 ex
801 3922 968 3980 confessarii
979 3922 1112 4000 jussione
1125 3923 1184 3980 vim
1197 3921 1281 3980 habet
1291 3938 1328 3978 ex

238 4023 409 4081 sacramenti
422 4021 522 4079 virtute
535 4021 699 4089 derivatam,
714 4031 742 4078 et
762 4030 781 4057 ‘⁶
791 4021 912 4097 amplius
929 4021 1004 4080 valet
1023 4021 1058 4080 ad
1072 4020 1247 4098 expiandum
1261 4039 1326 4096 pec·

235 4131 340 4192 catum,
356 4123 480 4197 quamsi
494 4123 610 4199 proprio
624 4121 737 4180 arbitrio
750 4121 837 4179 homo
851 4121 955 4178 faceret
967 4120 1042 4179 idem
1057 4112 1181 4198 opus.'’³

275 4225 324 4280 99.
347 4223 510 4282 Satisfaotio
532 4239 563 4280 re
582 4221 710 4280 exhibita
733 4220 768 4279 ad
793 4221 982 4298 integritatem
1002 4219 1172 4279 sacramenti
1194 4217 1324 4276 refertur.

271 4436 313 4500 (1)
333 4434 360 4484 S.
371 4435 461 4484 Thom.
473 4435 558 4500 Suppl.
569 4436 603 4485 iii.
611 4452 637 4500 p.
648 4452 689 4500 qu.
700 4436 742 4486 xii.
754 4441 797 4485 art.
807 4435 841 4485 iii.
853 4435 884 4485 ad
894 4436 918 4484 4.
1042 4435 1085 4501 (2)
1105 4431 1206 4492 ibidem,
1218 4429 1293 4498 Καρ.

273 4517 314 4582 (3)
334 4515 360 4564 8.
370 4515 460 4565 Tbom.
471 4517 577 4580 quodlib.
588 4517 622 4566 iii.
633 4533 674 4581 qu.
685 4517 735 4566 xiv.
