3108 5162
282 519 342 576 288
639 511 697 572 DE
719 511 1016 574 SPONSALIBUS.

325 686 372 740 14.
394 681 443 742 Ex
462 681 644 759 sponsalibus
663 679 752 739 oritur
771 681 865 758 gravis
879 679 1015 758 obligatio
1035 678 1233 738 contrahendi
1247 699 1305 739 suo
1320 689 1388 740 tem·

283 799 353 860 pore
367 781 556 841 matrimonii:
578 789 749 856 quapropter
772 779 830 838 “hi
849 779 898 853 qui
918 780 954 838 de
974 779 1155 838 matrimonio
1174 780 1384 838 contrahendo

284 897 354 958 pure
367 895 396 940 et
408 883 472 940 sinc
485 881 564 940 omni
577 879 741 938 conditione
753 877 839 938 fidem
862 877 1009 946 dederunt,
1029 879 1242 938 commonendi
1263 889 1342 946 sunt,
1362 890 1387 936 et

283 979 378 1040 modis
387 981 520 1041 omnibus
535 976 895 1054 inducendi,utpraestitam
904 976 991 1036 fidem
1000 973 1205 1036 observent.”¹
1243 977 1290 1036 Ita
1304 977 1385 1036 docet

286 1081 469 1140 innocentius
484 1079 538 1138 llI.
580 1078 707 1136 Peccant
725 1077 810 1154 igitur
829 1078 879 1150 qui
900 1087 1005 1136 temere
1025 1077 1163 1145 resiliunt,
1185 1076 1284 1136 fidem
1309 1077 1383 1134 enirn

284 1180 386 1241 fallunt
407 1180 436 1238 in
458 1197 487 1238 re
506 1177 684 1256 gravissima,
708 1194 771 1248 qna
790 1185 820 1234 et
839 1176 921 1235 samm
941 1175 1095 1234 discrimen
1108 1176 1189 1234 alteri
1205 1177 1383 1254 plerumque

284 1279 376 1338 affert.
417 1277 511 1337 Penes
525 1277 693 1355 episcopum
713 1286 758 1334 est
769 1276 897 1334 censuris
909 1294 1012 1352 cogere
1025 1293 1150 1352 sponsos
1164 1275 1203 1334 ad
1219 1275 1312 1334 fidem
1327 1293 1382 1331 ser-

284 1375 421 1435 vandam:
443 1385 470 1434 et
491 1376 516 1434 si
539 1384 650 1452 tempus
670 1375 705 1432 ab
725 1375 796 1452 ipsis
816 1374 963 1434 definitum
975 1394 1032 1434 non
1046 1375 1140 1444 luerit,
1153 1375 1231 1434 illud
1245 1384 1382 1439 statuere,

285 1477 358 1535 intra
370 1474 447 1548 quod
460 1475 565 1553 nuptia
578 1475 770 1534 celebrentur:
792 1474 901 1548 quodsi
914 1483 1013 1532 renuat
1025 1473 1166 1543 alteruter,
1180 1493 1252 1533 raro
1266 1471 1382 1550 expedit

285 1575 477 1634 auctoritatem
504 1574 648 1633 adhibere.
692 1572 799 1632 “Cum
821 1573 910 1632 libera
929 1572 1050 1640 debeant
1069 1590 1134 1632 esse
1159 1570 1379 1637 matrimonia‚'’

283 1674 376 1748 inquit
388 1673 496 1732 Lucius
510 1673 565 1732 111.
581 1672 616 1730 de
630 1673 749 1732 muliere
759 1683 894 1730 renuente
905 1673 1024 1748 implere
1035 1673 1277 1748 promissionem,
1293 1680 1313 1707 “
1324 1688 1379 1728 mo·

284 1771 378 1834 nenda
398 1783 443 1832 est
462 1773 557 1849 potius
577 1790 662 1845 qnam
684 1771 823 1850 cogenda,
845 1789 911 1830 cum
930 1773 1091 1830 coactiones
1112 1770 1251 1831 difficiles
1272 1771 1379 1830 soleant

287 1873 381 1933 exitus
395 1873 555 1948 frequenter
567 1862 719 1930 habere.'’²

327 1978 374 2032 15.
395 1973 492 2033 Oritur
511 1973 647 2032 etiamen
667 1971 847 2049 sponsalibus
867 1973 1104 2050 impedimentum
1124 1972 1237 2032 dictum
1259 1971 1377 2049 publice

285 2072 452 2140 honestatis,
464 2091 521 2146 quo
530 2073 561 2130 fit
569 2081 600 2130 ut
613 2091 668 2130 non
679 2071 771 2148 possit
783 2071 848 2128 iniri
862 2073 1072 2132 matrimonium
1082 2091 1148 2130 cum
1162 2071 1377 2149 consanguinea

284 2170 314 2229 in
328 2171 421 2247 primo
434 2169 541 2248 gradu:
564 2170 614 2228 sed
629 2169 664 2230 de
678 2189 713 2228 eo
726 2171 779 2228 erit
792 2169 928 2248 deinceps
941 2173 1022 2230 locus
1036 2171 1160 2230 dicendi.

326 2272 372 2328 111.
394 2269 443 2329 Ex
466 2270 647 2348 sponsalibus
665 2271 714 2349 jus
737 2269 881 2343 quoddam
907 2271 1069 2330 inchoatum
1094 2271 1211 2330 habetur
1233 2270 1272 2329 ad
1295 2283 1373 2326 usum

284 2371 413 2448 corporis
437 2371 553 2448 sponsi:
576 2371 653 2444 quod
674 2370 791 2444 quidem
811 2371 911 2444 nequit
930 2369 1068 2428 ullatenus
1089 2370 1227 2437 exerceri,
1244 2386 1335 2444 quum
1348 2362 1375 2422 itl

284 2487 342 2528 non
362 2471 445 2530 liceat
464 2472 520 2530 nisi
542 2471 723 2530 matrimonio
743 2471 913 2547 conjunctis.
955 2469 1066 2546 Negari
1085 2470 1134 2528 vix
1154 2477 1253 2546 potest
1274 2475 1372 2526 tantam

283 2570 521 2628 necessitudinem
540 2570 725 2628 cohonestare
746 2587 810 2641 quae
830 2569 934 2628 amoris
957 2568 1073 2637 indicia,
1094 2587 1146 2645 pro
1168 2587 1249 2627 more
1268 2565 1372 2646 patria.

284 2665 394 2733 dantur,
405 2668 503 2725 oscula
514 2668 623 2726 scilieet
635 2678 664 2725 et
676 2667 825 2743 amplexus
835 2668 968 2736 leviores,
983 2666 1139 2727 dummodo
1152 2668 1225 2726 absit
1237 2665 1337 2732 libido,
1346 2670 1372 2717 et

283 2764 449 2842 pollutionis
474 2766 643 2841 periculum,
671 2765 748 2838 quod
768 2767 817 2823 vix
840 2767 949 2835 abesse,
971 2768 1029 2826 nisi
1052 2767 1114 2826 haec
1133 2769 1236 2844 raptim
1261 2770 1329 2826 liant
1346 2768 1373 2817 et

282 2862 391 2930 leviter,
414 2863 543 2922 latemur.
586 2863 730 2936 Equidem
751 2863 780 2922 in
802 2884 832 2923 re
855 2865 926 2924 adeo
946 2866 1053 2925 lubrica
1073 2867 1154 2925 facile
1176 2868 1240 2939 quis
1262 2866 1368 2926 labitur,

283 2961 405 3037 ideoque
431 2963 516 3022 verba
542 2963 575 3021 S.
602 2964 755 3040 Alphonsi,
782 2966 831 3037 qni
857 2968 906 3024 vix
932 2965 1001 3038 quid
1027 2965 1192 3042 hujusmodi
1225 2961 1368 3042 permittit

282 3064 421 3123 lectorum
435 3064 526 3124 oculis
539 3064 716 3142 subjicienda
728 3063 873 3123 duximus.
917 3065 1011 3132 Quum
1027 3064 1177 3124 Sancbesii
1191 3066 1367 3135 aliorumque

283 3165 427 3222 retulisset
440 3165 621 3232 sententiam,
635 3165 833 3223 excusantium
848 3183 864 3221 a
877 3164 988 3222 mortali
1002 3166 1101 3223 oscula
1112 3173 1236 3222 attactus
1250 3163 1367 3241 pudicos

283 3264 357 3322 inter
370 3281 503 3339 sponsos,
518 3264 564 3321 vel
577 3266 662 3322 etiarn
678 3284 693 3322 a
707 3263 820 3331 veniali,
835 3265 860 3321 si
875 3264 948 3322 adsit
956 3265 1035 3342 justa
1048 3283 1151 3323 causa:
1167 3283 1204 3321 v:
1220 3283 1256 3341 g:
1280 3272 1368 3323 osten·

283 3360 369 3421 dendi
395 3381 531 3431 amorem,
553 3363 683 3440 captandi
703 3363 941 3431 benevolentiam,
962 3361 1118 3440 effugiendi
1139 3364 1366 3423 inurbanitatem,

282 3463 330 3520 vel
343 3463 475 3520 servandi
489 3481 597 3521 morem
611 3464 706 3539 patria
716 3462 746 3530 ;''
769 3464 932 3541 subjunxit:
956 3462 1118 3521 “Secunda
1130 3464 1271 3521 sententia
1284 3463 1365 3535 longe

283 3561 457 3636 probabilior
470 3572 497 3618 ct
510 3562 628 3619 omnino
642 3561 787 3635 sequenda
802 3603 809 3619 .
823 3604 830 3619 .
844 3604 851 3620 .
867 3561 949 3620 docet
961 3563 1030 3620 tales
1045 3570 1123 3620 actus
1136 3563 1294 3639 prohibitos
1308 3573 1367 3618 csse

282 3657 396 3734 sponsis
422 3656 522 3715 eodern
543 3659 629 3718 modo
656 3679 713 3732 quo
741 3669 869 3718 vetantur
891 3663 1009 3720 omnino
1035 3662 1146 3721 solutis.
1186 3658 1283 3731 Ratio,
1306 3658 1368 3734 quia

281 3773 405 3834 sponsus
426 3755 533 3813 ratione
552 3758 728 3832 sponsalium
755 3759 864 3817 nullum
879 3762 1057 3839 acquiritjus
1071 3761 1105 3818 ad
1120 3781 1224 3838 corpus
1237 3772 1366 3839 sponsat

281 3867 310 3918 et
329 3857 354 3916 si
377 3855 447 3916 sorte
474 3855 595 3928 aliquale
617 3857 665 3934 jus
688 3859 809 3930 acquirit
836 3877 889 3934 per
913 3862 1067 3937 sponsalia,
1096 3863 1164 3934 quia
1193 3869 1288 3921 tamen
1313 3873 1366 3918 non

282 3958 375 4019 adhuc
398 3967 442 4017 est
462 3956 588 4035 perfecte
610 3957 745 4016 dominns
767 3959 818 4027 rei,
846 3977 905 4016 non
931 3969 1026 4037 potest
1051 3980 1080 4018 re
1106 3962 1155 4019 illa
1177 3963 1229 4028 uti,
1255 3979 1291 4019 ne
1319 3960 1367 4016 im·

281 4058 404 4136 perfecte
427 4057 560 4133 quidem;
582 4059 657 4116 sicut
675 4058 723 4116 ille
741 4059 786 4116 oni
801 4058 943 4135 promissa
960 4073 1004 4118 est
1020 4060 1145 4119 venditio
1160 4061 1261 4128 vinea,
1273 4057 1366 4130 nequit

282 4158 331 4218 illa
350 4159 400 4226 nti,
421 4177 457 4217 ne
479 4158 644 4236 imperfecte
665 4158 792 4232 quidem,
812 4157 903 4218 donee
929 4161 1013 4218 vinea
1037 4159 1073 4217 de
1093 4159 1167 4219 iacto
1192 4161 1219 4218 ei
1236 4159 1367 4219 vendatur

282 4266 311 4315 et
342 4257 474 4316 tradatur.
529 4259 680 4327 Praeterea,
716 4279 781 4318 curn
815 4259 931 4336 sponsis
965 4277 1024 4317 3ο3
1053 4258 1140 4318 liceat
1174 4259 1287 4336 copula,
1317 4271 1366 4314 neo

281 4354 369 4414 licent
389 4357 460 4414 tales
488 4369 578 4426 aetus,
599 4360 649 4432 qui
670 4367 776 4418 tanturn
799 4357 835 4417 ad
860 4357 992 4435 copulam
1014 4368 1081 4417 sunt
1100 4359 1230 4420 ordinati.
1293 4356 1366 4416 Con-

317 4514 359 4580 (1)
380 4513 442 4578 Cap.
449 4513 475 4563 ii.
486 4513 515 4565 dc
527 4514 641 4582 opereat.
810 4520 852 4586 (2)
871 4516 931 4586 Gap.
943 4519 1001 4569 xvii
1013 4519 1042 4571 de
1054 4517 1226 4588 sponsalibus.

1503 653 1506 782 l

1502 3244 1511 3508 l
