3124 5168
511 547 568 607 DE
590 547 779 608 SOLEMNI
799 547 1024 610 BAPTISMO.
1274 555 1311 610 57

660 1020 801 1082 CAPUT
822 1023 876 1082 IX.

582 1237 621 1277 DE
642 1238 773 1278 sonuum
793 1239 951 1278 BAP'I'ISMO·

264 1403 313 1457 59.
333 1406 352 1433 “
362 1396 483 1455 Mortale
493 1406 536 1455 est
544 1407 624 1456 extra
631 1406 828 1456 necesitatem
836 1398 978 1474 baptizare
989 1439 996 1454 .
1008 1439 1015 1454 .
1027 1440 1034 1456 .
1045 1439 1053 1456 .
1063 1409 1142 1456 extra
1150 1399 1311 1468 ecclesiam.

224 1495 741 1574 praeterfiliumregisautprincipis.”
762 1496 805 1554 lta
813 1491 964 1555 Antoine.¹
983 1496 1105 1555 Indulsit
1115 1508 1208 1557 tamen
1220 1499 1312 1557 Sedes

224 1597 392 1672 Apostolica
399 1604 431 1653 ut
440 1596 570 1672 episcopi
580 1606 608 1654 et
617 1597 790 1656 missionarii
799 1597 827 1653 in
837 1595 1014 1672 hacregione
1021 1596 1131 1673 judicio
1140 1617 1192 1656 suo
1200 1611 1312 1657 uteren-

223 1705 276 1762 tur,
293 1704 312 1731 “
321 1703 353 1752 ut
366 1703 486 1752 statuant
497 1694 611 1768 quando
621 1697 680 1755 sint
690 1694 809 1772 urgendi
818 1695 916 1753 fideles
929 1705 961 1753 ut
970 1696 1091 1754 infantes
1103 1696 1312 1756 adEcolesiam

224 1793 359 1862 deserant,
386 1803 418 1850 ut
442 1794 601 1870 baptismus
629 1797 665 1853 iis
692 1791 901 1856 conseratur.''²
953 1793 987 1852 In
1012 1795 1127 1872 synodo
1154 1794 1313 1854 dioecesana

223 1893 470 1970 Philadelphiensi
495 1894 669 1971 prohibitum
692 1904 735 1952 est
762 1903 828 1952 “ne
851 1895 881 1952 in
907 1894 1065 1952 civitatibus
1091 1903 1120 1951 et
1144 1894 1258 1970 oppidis
1284 1896 1314 1952 in

224 1993 328 2066 quibus
342 1992 463 2050 ecclesia
483 1994 578 2066 aliqua
591 2004 685 2058 erecta
696 2003 750 2062 est,
765 2002 792 2052 et
809 2003 906 2070 pastor
918 1992 1034 2061 habitat,
1049 1994 1123 2068 quis,
1138 1994 1195 2052 nisi
1208 1992 1243 2052 de
1258 1993 1315 2052 vita

223 2092 396 2168 periclitans,
410 2093 441 2151 in
459 2094 576 2169 privatis
591 2094 698 2152 aedibus
718 2095 878 2170 baptizetur
889 2085 936 2150 :'‘³
957 2111 1013 2164 qua
1025 2102 1177 2151 occurente
1191 2093 1314 2151 necessi-

223 2201 278 2250 tate
287 2191 451 2250 omittenda
464 2201 529 2251 suut
541 2194 717 2252 caeremoniae
732 2193 843 2268 praeviae
859 2192 1005 2259 ablutioni,
1014 2192 1067 2251 sed
1081 2211 1143 2264 quar
1156 2202 1314 2265 sequuntur

222 2291 285 2348 fieri
298 2299 442 2368 poterunt,
453 2292 536 2367 juxta
549 2293 631 2367 plura
644 2292 676 2348 S.
692 2288 932 2366 congregationis
947 2289 1067 2348 decreta.
1122 2291 1314 2350 Missiouariis

222 2390 391 2464 relinquitur
408 2388 538 2466 judicare
561 2388 742 2461 quandonam
763 2405 828 2445 rure
849 2387 985 2463 degentes
1008 2386 1130 2465 cogendi
1153 2397 1220 2446 sunt
1231 2399 1262 2446 ut
1275 2389 1316 2445 in·

224 2488 313 2546 santes
327 2489 363 2544 ad
376 2489 527 2544 ecclesiam
542 2487 680 2540 deferant.

263 2591 311 2644 60.
333 2586 440 2644 Praeter
454 2583 627 2642 ablutionem
649 2582 826 2655 formamque
846 2581 1041 2660 baptizandis
1056 2583 1187 2643 ministro
1207 2585 1315 2648 adhibi·

223 2696 291 2754 tam,
308 2692 328 2721 “
338 2695 437 2743 caetera
450 2684 548 2742 omnia
561 2701 623 2756 quae
635 2683 664 2742 in
678 2685 732 2742 ritu
746 2683 910 2760 baptizandi
923 2683 1056 2742 observat
1068 2683 1212 2755 Ecclesia,
1223 2686 1314 2764 magis

224 2785 368 2862 pertinent
392 2783 426 2842 ad
453 2782 593 2856 quandam
628 2785 838 2844 solemnitatem
864 2785 1042 2842 sacramenti.
1097 2784 1169 2851 Quae
1196 2786 1314 2860 quidem
1357 2777 1367 2788 “

225 2883 395 2942 adhibentur
414 2891 589 2941 sacramento
609 2892 725 2959 propter
738 2883 798 2940 tria.
840 2879 938 2940 Primo
952 2884 1068 2955 quidem
1082 2883 1117 2940 ad
1137 2885 1315 2943 excitandam

224 2981 408 3041 devotionem
435 2979 572 3051 fidelium,
599 2989 628 3039 et
649 2982 835 3039 reverentiam
857 2979 892 3036 ad
918 2963 1146 3038 sacramentum.
1179 2984 1212 3040 Si
1238 2985 1314 3041 euim

223 3082 395 3160 simpliciter
413 3081 493 3139 tieret
513 3081 617 3139 ablutio
637 3082 667 3138 in
689 3097 772 3152 aqua,
793 3080 900 3160 absque
921 3077 1108 3146 solemnitate,
1130 3079 1166 3136 de
1185 3079 1262 3137 sacili
1282 3080 1316 3138 ab

226 3181 365 3253 aliquibus
387 3181 582 3247 aestimaretur,
597 3181 679 3253 quasi
692 3178 821 3252 quaedam
836 3177 997 3236 communis
1013 3176 1128 3235 ablutio.
1170 3177 1314 3246 Secundo,

152 3261 154 3266 ¹
225 3280 259 3339 ad
268 3281 396 3340 fidelium
405 3281 636 3339 instructionem:
651 3278 798 3355 simplices
809 3279 896 3345 enim,
907 3277 1065 3350 quilitteris
1074 3294 1131 3334 non
1140 3277 1314 3347 erudiuntur,

225 3389 337 3458 oportet
356 3380 467 3438 erudire
487 3398 540 3456 per
559 3378 653 3450 aliqua
673 3377 819 3436 sensibilia
839 3378 939 3453 signa:
967 3386 1045 3459 puta,
1066 3394 1118 3453 per
1142 3378 1266 3452 picturas
1286 3389 1315 3435 et

226 3480 320 3554 aliqua
339 3478 525 3558 hujusmodi:
548 3486 577 3534 et
589 3495 640 3553 per
659 3475 736 3535 hunc
756 3475 872 3534 modum
886 3493 938 3553 per
951 3493 993 3543 ea,
1004 3461 1071 3548 'qus
1085 3475 1116 3532 in
1132 3476 1317 3534 sacramentis

226 3589 357 3658 aguntur,
372 3578 418 3636 vel
438 3579 622 3644 instruuntur,
637 3576 682 3634 vel
702 3576 877 3634 solicitantur
890 3574 924 3632 ad
945 3573 1128 3647 querendum
1141 3574 1176 3632 de
1190 3573 1235 3632 his
1252 3592 1315 3650 quae
1399 3629 1403 3638 ‚

226 3696 276 3754 per
296 3677 463 3755 hujusmodi
484 3675 631 3735 sensibilia
649 3677 732 3752 signa
751 3675 955 3752 significantur.
998 3674 1038 3732 Et
1049 3673 1115 3733 ideo
1127 3676 1195 3748 quia
1214 3683 1316 3751 prater

226 3775 412 3851 principalem
431 3775 603 3834 sacramenti
627 3773 771 3842 effectum,
792 3783 903 3850 oportet
923 3772 1052 3846 quaedatn
1074 3773 1127 3831 alia
1146 3775 1220 3832 scire
1240 3775 1316 3832 circa

224 3873 408 3947 baptismum,
423 3875 596 3934 couveniens
610 3873 672 3942 suit,
688 3882 720 3931 ut
732 3875 817 3933 etiam
832 3872 1001 3945 quibusdam
1022 3873 1208 3931 exterioribus
1223 3872 1315 3947 signis

227 3979 503 4046 repraesentarentur.
545 3970 656 4040 Tertii»,
677 3973 745 4045 quia
764 3990 814 4048 per
834 3972 976 4030 orationes
997 3979 1026 4028 et
1043 3969 1268 4035 benedictiones,
1289 3976 1318 4024 et

227 4069 281 4127 alia
301 4069 474 4146 hujusmodi,
489 4071 635 4130 cohibetur
653 4071 696 4128 vis
717 4071 856 4129 demonis
876 4071 910 4126 ab
932 4068 1138 4147 impedimento
1157 4082 1316 4123 sacramen·

225 4168 288 4227 talis
302 4163 472 4227 effectus.”⁴
510 4171 552 4228 Ita
564 4169 699 4248 preclare
713 4169 795 4227 tradit
807 4169 840 4228 S.
854 4168 995 4227 Thomas.

262 4335 305 4404 (l)
322 4335 404 4385 Tract.
412 4334 443 4385 de
454 4335 526 4400 Bapt.
537 4353 578 4400 qu.
589 4335 638 4385 viii.
649 4333 714 4387 Nota
725 4334 803 4384 citam
817 4331 938 4384 kaent.
947 4330 977 4381 de
990 4329 1058 4397 bapt.

262 4420 390 4488 (2)sOan.
401 4421 451 4472 xvi.
464 4419 543 4470 Cone.
555 4418 738 4468 letimorsnsis
752 4418 771 4465 1.
876 4418 918 4482 (3)
939 4413 1025 4464 const.
1036 4412 1077 4464 vii.
1089 4412 1150 4477 Syn.
1161 4411 1239 4468 Dioee.
1251 4413 1315 4466 Phil.

548 4506 589 4572 (4)
610 4505 644 4555 iii.
654 4519 679 4569 p.
690 4518 731 4568 qu.
743 4501 801 4553 lxvi.
812 4507 855 4551 art
866 4516 891 4550 x.
926 4500 1002 4568 uesp.
