3172 5172
257 523 314 580 rat
541 513 598 574 DE
619 513 745 575 MISSA
765 513 1046 576 APPLIOANDA.

253 679 384 748 ιιιιιιιίοει
403 700 456 762 pro
478 682 513 740 iis
535 690 630 741 summ
649 682 718 741 licet
736 699 815 742 orare
836 681 864 741 in
879 682 1019 742 sacrificio
1033 682 1215 754 celebrando,
1230 698 1262 745 ut
1276 687 1343 748 fidei

253 787 351 846 lumen
364 784 513 860 accipiant,
528 789 557 840 et
568 783 698 840 salntem.

296 887 363 943 147.
385 883 418 942 Si
444 883 509 956 quis
528 880 744 957 eleemosynam
771 880 911 956 acceperit
930 890 962 938 ut
983 881 1083 940 offerat
1102 883 1274 944 sacrificium
1291 906 1343 964 pro

254 983 330 1044 felici
343 991 435 1060 partu,
448 981 495 1039 vel
508 998 538 1040 re
552 979 607 1039 alia
619 997 683 1053 quac
696 980 836 1047 imminet,
857 997 915 1036 non
928 981 1063 1039 satisfacit
1076 981 1253 1060 obligationi,
1268 986 1341 1044 ccle-

254 1081 360 1142 braudo
373 1089 438 1158 post
451 1081 492 1138 rei
505 1091 654 1138 eventurn:
676 1087 775 1156 peccat
794 1077 900 1136 idcirco
920 1080 1044 1156 graviter
1064 1078 1150 1139 fidem
1164 1081 1299 1151 fallendo,
1313 1093 1342 1142 et

254 1191 365 1242 wnetur
389 1180 536 1238 restituere
561 1179 786 1254 eleemosynam,
812 1176 866 1234 etsi
890 1176 1026 1256 deinceps
1052 1175 1259 1239 celebraverit.2
1308 1183 1341 1241 Si

253 1293 367 1358 tempus
381 1277 540 1337 celebrandi
560 1298 577 1335 a
596 1276 679 1335 dante
699 1276 913 1352 eleemosynam
935 1276 1094 1346 definiatur,
1112 1297 1146 1336 v:
1161 1297 1195 1356 g:
1218 1280 1341 1353 quodam

254 1381 300 1440 die
314 1380 397 1445 sesto,
412 1386 511 1455 peceat
523 1377 573 1451 qui
593 1376 624 1434 in
637 1376 755 1435 alterurn
769 1375 846 1434 diem
859 1373 963 1435 differt.
1006 1377 1039 1435 Si
1053 1377 1162 1436 nullum
1177 1377 1339 1456 adsignetur

253 1489 376 1556 tempus
390 1495 444 1536 nec
456 1494 502 1534 res
516 1484 622 1555 urgeat,
633 1477 706 1534 iutra
716 1473 861 1535 modicum
872 1484 986 1553 tempus
997 1477 1166 1554 obligationi
1179 1477 1340 1538 satisfacere

254 1587 376 1656 oportet,
391 1577 485 1654 gravis
499 1577 576 1635 enirn
590 1584 634 1634 est
647 1575 731 1652 culpa
743 1573 960 1635 celebrationem
981 1575 1030 1634 din
1050 1575 1173 1645 differre,
1188 1585 1256 1653 puta
1268 1579 1340 1638 ultra

253 1671 410 1736 mensem.³
450 1673 556 1734 Dilatio
577 1675 685 1733 mensis
707 1658 825 1732 habetur
850 1675 945 1752 gravis
965 1675 995 1734 ιιι
1015 1675 1109 1733 Missa
1128 1694 1180 1753 pro
1200 1674 1340 1736 defunctis

255 1775 431 1838 celebranda.
473 1774 614 1832 Voluntas
628 1772 719 1832 dantis
734 1772 950 1849 eleemosynam
970 1792 1085 1851 semper
1097 1773 1267 1834 attendenda
1279 1786 1339 1843 est;

255 1874 406 1950 aliquando
420 1875 497 1934 enim
510 1872 592 1940 datur
605 1873 748 1951 praecipue
768 1871 804 1930 ad
824 1871 1052 1933 subveniendum
1066 1873 1216 1942 sacerdoti,
1231 1883 1259 1932 ct
1268 1892 1340 1934 onus

256 1975 415 2035 celebrandi
428 1993 485 2032 non
499 1970 570 2032 adeo
583 1972 676 2031 stricte
690 1972 856 2048 imponitur.

296 2078 363 2132 148.
385 2074 450 2131 Etsi
463 2070 648 2149 eleemosyna
659 2070 723 2129 data
735 2069 849 2152 modica
867 2071 915 2140 sit,
936 2089 1021 2144 quam
1042 2072 1146 2150 injuste
1160 2072 1267 2130 auferre
1281 2092 1339 2132 non

255 2173 328 2232 soret
340 2171 469 2240 mortale,
483 2180 631 2247 peecatum
651 2179 746 2229 tamen
769 2188 854 2248 grave
874 2169 1031 2230 admittitur
1050 2171 1144 2230 Missa
1166 2171 1336 2230 omittenda:

255 2274 323 2347 quia
343 2291 377 2330 ea
399 2269 563 2330 conditione
589 2279 633 2328 est
654 2278 780 2347 accepta,
807 2278 839 2327 ut
857 2269 951 2328 Missa
970 2270 1136 2340 celebretur,
1160 2269 1280 2344 ideoque
1302 2289 1339 2330 ex

250 2372 363 2451 justitia
388 2370 522 2448 obligatio
545 2379 688 2430 contracta
706 2378 768 2428 est:
790 2369 883 2446 gravis
905 2376 999 2428 autem
1026 2379 1070 2428 cst
1095 2371 1198 2448 injuria
1218 2370 1340 2443 aliquem

255 2473 357 2532 Missae
371 2471 460 2529 fructu
475 2471 580 2548 injuste
595 2471 713 2548 privare.
754 2468 797 2527 Ita
816 2467 902 2525 sentit
921 2467 953 2525 S.
974 2469 1153 2545 Alphonsus,
1178 2470 1227 2543 qui
1247 2479 1340 2528 tamen

255 2580 373 2630 excusat
394 2589 411 2626 s
431 2569 543 2627 mortali
569 2570 618 2642 qui
638 2567 756 2645 negligit
774 2567 918 2626 celebrare
938 2567 1061 2626 Missam
1083 2586 1168 2640 quam
1188 2569 1339 2627 liberaliter

254 2670 396 2746 promisit,
410 2667 488 2724 nulla
507 2676 624 2744 accepta
643 2667 839 2743 eleemosyna,
860 2666 926 2739 quia
939 2665 1103 2744 hujusmodi
1116 2666 1268 2742 promissio
1281 2684 1340 2725 non

254 2767 365 2826 videtur
396 2767 519 2841 graviter
551 2766 687 2842 obligare.
730 2764 874 2824 “Omnes
900 2775 995 2824 autem
1020 2767 1193 2829 conveniunt
1217 2783 1337 2842 peccare

254 2866 385 2944 graviter,
399 2866 450 2937 qui
470 2864 574 2923 omittit
593 2865 716 2925 Missam
737 2863 861 2923 debitam
882 2883 920 2922 ex
940 2873 1017 2934 voto,
1042 2874 1090 2923 aut
1109 2874 1250 2941 praecepto
1270 2883 1340 2940 prse-

253 2966 320 3034 lati;
341 2965 408 3038 quia
420 2983 505 3023 nemo
518 2964 644 3024 dubitare
657 2973 752 3043 potest
764 2964 839 3023 hanc
853 2982 917 3022 csse
931 2965 1077 3024 materiam
1091 2982 1204 3042 gravem
1220 2965 1338 3030 involo,

253 3067 299 3125 vel
312 3055 503 3143 praecepto.’'⁴

296 3168 363 3223 149.
385 3164 418 3221 Si
444 3166 508 3238 quis
529 3165 633 3242 exigua
658 3165 812 3242 acceptarit
830 3161 981 3241 stipendia,
1009 3165 1070 3222 sive
1091 3165 1125 3222 ab
1145 3181 1215 3232 uno,
1236 3165 1297 3222 sive
1323 3183 1340 3220 a

254 3264 393 3342 pluribus,
407 3264 586 3336 scienterque
599 3281 663 3322 sese
676 3264 805 3341 obligarit
817 3264 852 3323 ad
866 3262 1006 3336 quendam
1021 3281 1169 3321 numerum
1184 3262 1339 3321 Missarurn

255 3361 463 3430 celebrandurn,
479 3371 587 3420 tenetur
606 3381 653 3421 eas
676 3363 827 3431 celebrare,
843 3364 927 3440 juxta
946 3361 1088 3420 decretum
1102 3362 1135 3420 S.
1151 3361 1248 3440 Oong.
1263 3360 1340 3419 Con·

254 3463 323 3531 cilii,
337 3461 535 3521 confirmatum
555 3463 590 3521 ab
611 3461 728 3521 Urbano
741 3461 826 3520 VIII.
869 3470 888 3498 ‘⁶
898 3462 930 3520 S.
946 3461 1142 3539 Congregatio
1154 3463 1207 3519 sub
1220 3461 1339 3520 obtesta-

255 3564 331 3621 tione
344 3561 434 3619 divini
454 3560 558 3638 judicii
571 3560 694 3630 mandat,
714 3570 745 3620 ut
764 3560 891 3620 absolute
906 3569 947 3618 tot
959 3559 1058 3618 Missae
1071 3560 1255 3628 celebrentur,
1270 3568 1339 3632 quot

255 3659 439 3718 adtalionem
455 3660 591 3717 attributa
605 3659 795 3736 eleemosyna
808 3660 980 3736 prescripta
994 3658 1131 3718 suerint.”

296 3762 363 3816 150.
385 3758 472 3817 Pacta
494 3757 529 3815 de
549 3758 649 3817 Missis
672 3757 858 3826 celebrandis,
882 3760 918 3817 ob
934 3759 1044 3836 justum
1065 3756 1237 3836 stipendInm
1256 3759 1339 3836 juxta

254 3856 490 3920 consuetudinem
506 3858 663 3935 probatam,
678 3858 750 3918 nihil
763 3857 868 3916 habent
881 3877 932 3934 per
944 3875 976 3914 se
990 3857 1062 3926 vitii,
1083 3856 1132 3916 sed
1147 3856 1279 3916 evitanda
1297 3865 1340 3913 cst

253 3961 402 4040 diligenter
414 3958 509 4017 ornuis
523 3958 635 4036 species
649 3957 737 4035 turpis
750 3956 831 4015 lucri.
873 3956 907 4014 Si
920 3965 1035 4015 testator
1048 3957 1194 4031 reliquerit
1202 3957 1338 4035 legatum,

287 4184 330 4249 (l)
349 4179 412 4230 Vide
424 4179 453 4228 P.
464 4177 629 4243 Phuippuma
641 4175 800 4228 Garboncano
811 4189 867 4242 app·
878 4174 909 4226 ad
919 4181 987 4226 tract.
1003 4173 1034 4224 de
1045 4174 1126 4225 Euch.
1142 4171 1250 4225 Anteius
1271 4174 1293 4231 ς.
1305 4171 1337 4223 ιν.

169 4329 175 4336 „
250 4281 291 4328 qu.
303 4267 326 4314 5.
831 4263 876 4328 (2)
895 4261 921 4310 S.
933 4260 1008 4324 Alph.
1020 4260 1079 4310 lvi.
1090 4276 1115 4310 n.
1128 4262 1186 4308 317.

286 4350 328 4414 (a)
347 4347 406 4396 nea.
419 4347 445 4396 s.
457 4333 536 4409 cong.
549 4347 626 4398 cone.
641 4351 671 4398 rr
682 4347 742 4398 tun
757 4349 828 4409 rena,
840 4347 905 4413 spuo
918 4345 1010 4396 eonon
1020 4344 1090 4394 xw.
1108 4338 1186 4394 nour.
1199 4342 1239 4393 rvr.

284 4432 326 4497 (4)
345 4429 525 4479 naraon.
628 4457 629 4462 ,
