3144 5192
254 525 311 580 180
583 513 640 573 DE
662 513 1012 578 SATISFACTIONE.

253 704 351 748 eorum
364 682 513 742 utilitatem
534 680 620 749 cedit,
635 680 749 740 facienti
762 682 844 740 valde
857 682 984 760 prodest,
998 693 1026 742 et
1045 685 1238 746 satisfaciendi
1258 687 1343 748 habet

252 789 322 855 vim,
337 801 418 858 eque
433 801 466 841 ae
480 784 535 840 alia
548 781 660 859 pietatis
675 799 774 858 opera.
915 773 918 780 ’

293 890 360 944 102.
382 883 481 941 Potest
494 882 578 939 eham
592 880 743 954 aliquando
763 882 913 960 injungere
933 881 1126 941 confessarius
1141 887 1299 961 poenitenti,
1313 898 1345 946 ut

251 988 420 1046 abstinente
433 981 644 1047 communione,
660 981 705 1038 vel
719 981 775 1039 alio
787 982 898 1058 pietatis
910 981 1056 1049 exercitio,
1066 984 1179 1056 quaudo
1190 987 1344 1061 prohibitio

252 1085 313 1144 haec
327 1085 354 1142 ei
368 1080 513 1158 profutura
520 1090 574 1147 est,
588 1089 617 1136 et
629 1079 736 1138 nullam
749 1091 846 1138 notam
861 1081 995 1139 allatura:
1011 1099 1094 1140 secus
1107 1083 1176 1141 siin
1189 1086 1251 1162 ejus
1265 1085 1342 1144 dam-

252 1203 331 1250 num,
346 1182 391 1241 vel
404 1179 486 1238 samm
500 1177 693 1257 dispendium,
709 1190 883 1238 verteretur:
905 1179 968 1238 rard
982 1191 1076 1239 autern
1089 1183 1215 1260 expedit.

293 1287 361 1340 10³.
383 1278 567 1362 Medicinalis
581 1279 724 1354 imprimis
738 1279 902 1355 peonitentia
916 1279 1089 1356 imponenda
1103 1291 1155 1349 est,
1170 1301 1227 1355 qua
1239 1284 1341 1341 animae

249 1391 363 1440 sanetur
376 1377 536 1438 infirmitas.
559 1377 754 1437 “Contrarias
769 1381 893 1456 peccatis
908 1379 1088 1455 poenitentias
1111 1382 1241 1459 injungat
1254 1387 1338 1459 (cou-

238 1476 427 1562 fessarius)
451 1479 528 1537 velut
549 1479 640 1536 avaris
660 1477 870 1555 eleemosynas,
883 1477 1045 1538 libidinosis
1060 1479 1182 1558 jejunia,
1204 1481 1251 1538 vcl
1271 1481 1341 1540 alias

249 1581 342 1638 carnis
357 1577 537 1644 afflictiones,
550 1578 681 1653 superbis
702 1577 869 1636 humilitatis
890 1577 993 1646 officia,
1008 1577 1159 1638 desidiosis
1179 1580 1340 1640 devotionis

249 1677 373 1739 studia.”
415 1676 928 1752 ltapraescribitRitualeRomanum.
963 1678 1081 1736 Pietatis
1095 1681 1240 1747 exercitia,
1252 1681 1339 1740 bono·

247 1797 311 1838 rum
323 1778 458 1836 librorum
472 1776 565 1843 lectio,
578 1794 673 1833 rerum
697 1786 864 1835 eternarum
879 1777 1034 1846 meditatio,
1048 1795 1170 1838 examen
1190 1781 1337 1838 conscien-

249 1881 294 1939 tiae
315 1877 522 1950 quotidianum,
537 1881 776 1934 sacramentorum
799 1877 945 1952 susceptio
971 1875 1116 1949 frequens,
1139 1878 1207 1955 fuga
1231 1880 1291 1948 otii,
1310 1890 1339 1938 et

220 2038 224 2047 Ι
248 1978 431 2037 occasionum
445 1975 564 2052 peccati,
578 1973 722 2032 confessio
738 1975 878 2052 generalis
893 1994 996 2044 annua,
1010 1987 1040 2034 et
1052 1995 1133 2036 sacer
1146 1997 1278 2037 secessus
1287 1998 1338 2056 per

248 2077 355 2148 aliquot
367 2075 438 2140 dies,
455 2075 528 2132 inter
540 2074 698 2150 precipuas
713 2075 814 2132 anime
828 2075 984 2133 medicinas
998 2085 1190 2136 recensentur.
1234 2077 1334 2137 Oratio

248 2176 320 2232 inter
329 2173 501 2250 penitentia
515 2190 603 2248 opera
611 2182 783 2232 recensetur:
800 2183 819 2210 “
831 2174 1094 2247 quaelibetoratio,”
1106 2178 1145 2234 ait
1154 2177 1186 2234 S.
1196 2176 1337 2244 Thomas,

246 2273 331 2333 habet
344 2274 482 2332 rationem
502 2271 720 2332 satisfactionis:
736 2273 802 2346 quia
815 2275 945 2346 quemvis
966 2275 1052 2333 habet
1064 2277 1232 2336 suavitatem
1253 2277 1336 2353 spiri·

247 2383 302 2442 tus,
316 2375 400 2432 habet
412 2382 507 2431 tamen
527 2371 708 2432 afflictionem
730 2373 842 2430 carnis:
865 2375 932 2446 quia
945 2383 976 2432 ut
989 2373 1056 2433 dicit
1070 2375 1228 2453 Gregorius
1248 2395 1334 2454 super

246 2473 453 2532 Ezechielem:
477 2472 584 2530 “Dum
602 2474 704 2531 crescit
722 2473 847 2530 innubis
867 2472 1002 2532 fortitudo
1022 2476 1127 2533 amoris
1141 2477 1245 2542 intimi,
1260 2476 1335 2534 infir-

140 2569 144 2578 ’
247 2583 339 2630 matur
351 2573 452 2649 procul
467 2571 553 2630 dubio
567 2571 701 2630 fortitudo
721 2563 864 2628 carnis.''¹
896 2573 1027 2630 Ebriosis
1051 2574 1257 2650 injungendum
1279 2585 1332 2642 est,

246 2682 278 2728 ut
291 2670 324 2728 ab
337 2672 416 2729 omni
430 2680 499 2746 potu
513 2671 561 2743 qui
583 2671 721 2728 inebriare
735 2670 836 2746 possit,
850 2689 882 2728 se
900 2672 1074 2731 abstineant:
1097 2672 1146 2730 vix
1169 2673 1244 2732 enim
1267 2674 1336 2731 alias

248 2787 363 2844 pravam
377 2768 611 2826 consuetudinem
625 2769 811 2845 superabunt:
828 2788 880 2827 nec
889 2779 982 2829 tamen
990 2771 1129 2848 oportebit
1137 2781 1168 2830 ut
1174 2773 1336 2848 juramento

247 2887 278 2924 se
298 2867 333 2924 ad
359 2867 429 2926 illud
452 2866 634 2943 adstringant,
650 2887 685 2926 ne
702 2857 779 2926 ¹forte
796 2868 891 2941 aliqua
909 2871 1076 2939 relabentes,
1090 2871 1120 2928 in
1143 2875 1225 2951 pejus
1246 2878 1337 2930 ruant.

245 2967 394 3046 Jejunium
417 2967 528 3025 libidini
548 2966 696 3026 domandae
711 2969 837 3035 inservit,
853 2970 929 3042 quod
950 2970 1056 3029 idcirco
1077 2971 1133 3029 reis
1155 2971 1337 3048 impudicitiae

246 3070 429 3144 praescribere
442 3078 571 3145 oportet:
593 3067 645 3125 sed
659 3086 746 3141 quum
767 3067 895 3144 plerique
916 3070 944 3127 in
967 3069 1020 3126 hac
1040 3071 1158 3147 regione
1177 3071 1336 3129 durioribus

245 3168 388 3227 laboribus
404 3179 515 3234 vacent,
530 3167 574 3224 vel
589 3167 658 3224 alias
673 3187 688 3224 a
706 3168 819 3245 jejunio
832 3186 863 3224 se
884 3179 1033 3236 excusent,
1047 3189 1106 3228 non
1119 3181 1162 3228 est
1174 3180 1277 3228 temere
1291 3172 1333 3228 in·

240 3267 433 3343 jungendum,
447 3287 483 3325 ne
498 3267 666 3344 negligatur,
682 3276 814 3324 monente
832 3267 864 3325 S.
879 3269 1045 3326 Antonino:
1070 3269 1182 3328 “debet
1194 3271 1337 3328 confessa·

198 3443 199 3450 ἵ
246 3366 304 3423 rius
313 3365 379 3424 dare
394 3367 477 3424 talem
493 3367 698 3443 poenitentianr,
710 3386 795 3440 quam
807 3366 959 3426 credatver
973 3367 1103 3426 similiter
1111 3369 1192 3428 illurn
1203 3370 1331 3446 implerer

246 3483 281 3523 ne
295 3464 385 3541 ipsam
402 3466 544 3533 violando,
558 3465 681 3524 deterius
695 3467 723 3524 ei
735 3459 929 3542 contingat.'’²
948 3467 1191 3527 Aliahunrilitatis
1206 3481 1235 3528 et
1247 3471 1335 3545 poeni-

160 3631 162 3636 Ι
245 3564 340 3620 tentia
357 3564 502 3632 exercitia,
517 3559 581 3637 qum
601 3567 687 3623 nimis
702 3566 857 3623 amoribus
872 3568 1048 3635 nostratium,
1063 3578 1092 3625 et
1112 3587 1128 3625 a
1150 3569 1259 3627 ratione
1272 3588 1335 3627 sen-

244 3659 332 3718 tiendi
345 3662 416 3736 ipsis
438 3665 595 3730 communi,
611 3664 773 3732 abhorrent,
787 3683 815 3722 v:
827 3683 856 3741 g:
871 3677 903 3724 ut
915 3665 1101 3742 blasphemus
1115 3677 1215 3726 terram
1236 3669 1336 3744 lingua

243 3759 359 3827 lambat,
374 3769 404 3817 ut
416 3761 579 3820 luxuriosus
593 3761 713 3840 flagellis
735 3763 925 3824 domesticum
946 3766 1058 3824 hostem
1083 3769 1260 3844 comprimat,
1276 3785 1332 3825 non

244 3869 311 3918 sunt
330 3860 412 3918 facile
431 3860 618 3938 injungenda.
653 3863 687 3921 ln
708 3865 892 3939 eleemosyna
916 3866 1105 3934 decernenda,
1118 3867 1279 3926 cavendum
1299 3886 1334 3925 ne

243 3960 338 4034 aliqua
348 3961 385 4018 sit
398 3961 486 4037 turpis
500 3961 573 4020 lucri
585 3961 728 4038 cupidinis
742 3965 871 4039 speeies3
887 3975 1061 4042 quapropter
1081 3985 1237 4038 numquam
1251 3966 1335 4024 debet

242 4061 433 4120 confessarius
453 4061 483 4120 in
495 4079 528 4119 se
541 4063 688 4139 suscipere
701 4063 763 4140 ejus
786 4064 987 4122 distribuenda
1001 4083 1084 4134 onus,
1099 4065 1152 4124 sed
1172 4067 1333 4143 poenitentis

242 4160 402 4234 relinquere
423 4161 555 4220 arbitrio:
576 4181 639 4220 raro
662 4162 778 4235 quidem
800 4165 955 4240 injungitur
976 4183 1054 4222 mera
1074 4167 1270 4243 eleemosyna,
1285 4166 1336 4228 sed

242 4259 410 4334 plerumque
429 4261 547 4338 justitiae
568 4262 732 4338 obligationi
754 4263 986 4322 satisfaciendum
1008 4276 1061 4322 est.
1104 4264 1248 4338 Quicquid
1270 4284 1335 4323 vere

278 4479 320 4544 (1)
340 4478 426 4542 Suppt
436 4480 469 4529 iii·
476 4497 500 4545 n·
512 4499 554 4545 ‹ru-
564 4499 605 4532 xv·
617 4491 660 4532 art·
672 4485 706 4534 iii.
884 4487 927 4553 (a)
946 4485 990 4537 111.
1001 4494 1062 4552 part.
1073 4486 1109 4536 us
1122 4486 1174 4538 xvi.
1186 4501 1237 4551 par.
1249 4485 1303 4536 111.
