3124 5168
246 560 284 614 ot
568 548 625 608 DE
647 547 1016 608 GONFIRMATIONE.

244 718 364 787 tionis,'’
380 718 472 791 inquit
492 714 524 772 S.
547 715 689 784 Thomas,
705 723 724 751 ‘⁴
736 715 816 773 datur
834 715 946 774 homini
972 724 1097 793 potestas
1118 717 1273 794 spiritualis
1296 719 1333 778 ad

244 818 382 892 quasdam
397 817 465 874 alias
479 815 604 873 actiones
618 833 722 878 sacras,
736 822 848 892 praeter
861 815 924 872 illas
938 813 972 872 ad
986 833 1057 888 quas
1072 814 1152 874 datur
1165 817 1191 873 ci
1206 827 1331 893 potestas

246 919 275 976 in
295 918 447 994 baptismo.
490 914 567 972 Nam
589 916 619 972 in
643 915 787 990 baptismo
807 915 909 991 accipit
934 911 1021 972 homo
1047 923 1215 991 potestatem
1242 915 1277 972 ad
1303 936 1336 974 ea

246 1014 365 1094 agenda,
374 1033 437 1089 quac
453 1011 488 1070 ad
499 1014 641 1090 propriam
656 1013 944 1089 pertinentsalutem:
961 1022 1045 1090 prout
1057 1014 1166 1071 scilicet
1175 1014 1332 1072 secundum

247 1117 374 1191 seipsum
393 1114 471 1172 vivit.
513 1112 572 1170 Sed
593 1114 623 1172 in
642 1112 856 1171 confirmatione
878 1111 982 1186 accipit
1000 1111 1088 1172 homo
1109 1121 1276 1189 potestatem
1299 1113 1334 1170 ad

251 1213 391 1292 agendum
412 1230 445 1268 ea
465 1229 528 1283 quae
548 1213 691 1287 pertinent
712 1210 747 1269 ad
772 1229 897 1288 pugnam
919 1211 1096 1286 spiritualem
1117 1221 1213 1269 contra
1235 1211 1332 1270 hostes

246 1313 324 1372 fidei.
367 1311 449 1368 Sicut
470 1319 548 1385 patet
567 1329 604 1369 ex
624 1311 758 1386 exemplo
781 1311 1002 1386 Apostolorum:
1019 1313 1068 1384 qui
1082 1319 1230 1382 antequam
1245 1312 1335 1387 pleni-

246 1411 373 1469 tudinem
388 1409 511 1485 Spiritus
525 1409 624 1468 Sancti
638 1411 809 1486 acciperent,
824 1418 904 1468 erant
917 1409 946 1466 in
961 1410 1105 1468 coenaculo
1116 1419 1331 1486 perseverantes

247 1512 275 1569 in
290 1511 436 1568 oratione:
452 1508 635 1584 postmodum
649 1527 718 1567 vcro
731 1509 851 1586 egressi,
866 1527 924 1566 non
938 1511 1105 1568 verebantur
1125 1507 1235 1584 publice
1250 1509 1335 1566 fidem

185 1587 190 1598 Ι
247 1610 339 1676 lateri,
354 1609 438 1666 etiam
457 1625 552 1665 coram
577 1609 701 1666 inimicis
722 1608 791 1666 fidei
804 1608 974 1667 christianae.
1008 1609 1049 1667 Et
1068 1607 1132 1666 idco
1153 1608 1336 1666 manifestum

248 1717 301 1776 est,
316 1707 393 1781 quod
407 1708 435 1765 in
450 1715 626 1765 sacramento
640 1707 866 1765 confirmationis
879 1708 1052 1783 imprimitur
1065 1703 1258 1766 character.’'¹
1295 1783 1298 1792 Ι

287 1811 316 1864 9.
338 1805 571 1865 confirmationis
594 1824 713 1882 capaces
736 1814 917 1864 suntomncs
938 1807 1080 1890 baptizati,
1099 1807 1182 1863 etiam
1203 1805 1333 1872 infantes,

249 1907 351 1979 quibus
366 1906 436 1964 olim
449 1905 557 1978 passim
571 1904 775 1972 conferebatur,
787 1905 835 1977 qui
847 1913 940 1962 tamen
955 1923 1043 1962 mosa
1057 1905 1188 1962 Romana
1201 1903 1336 1962 Ecclesia

249 2005 398 2082 abrogatus
408 2013 460 2070 est,
469 2011 587 2061 testante
601 2003 757 2062 Benedicto
770 2003 854 2060 XIV.
866 1999 890 2060 :²
909 2023 985 2061 nuuc
999 2013 1091 2061 autem
1106 2002 1219 2060 nonnisi
1234 2003 1262 2058 in
1273 2003 1336 2060 vitae

249 2103 377 2179 periculo
395 2103 437 2172 fit,
460 2102 507 2158 vel
526 2103 606 2179 gravi
626 2101 779 2160 admodum
800 2102 835 2160 de
849 2121 944 2170 causa,
959 2110 1026 2178 puta
1040 2101 1116 2174 quod
1136 2101 1264 2176 episcopi
1288 2104 1337 2173 qui

249 2219 312 2260 eam
324 2200 499 2258 administret
509 2203 658 2278 copianon
666 2201 703 2258 sit
712 2201 794 2260 facile
805 2201 906 2258 lutura.
950 2209 969 2236 ‘⁴
981 2199 1109 2276 Expedit
1118 2199 1235 2257 autcm‘’
1247 2201 1339 2272 inquit

249 2299 383 2367 Antoine,
406 2307 539 2376 “pueros
561 2301 729 2376 tempestive
749 2299 912 2358 confirmari
932 2309 1081 2372 antequam
1096 2299 1258 2357 innocentia
1270 2300 1338 2374 bap-

250 2399 354 2458 tismali
375 2393 556 2457 excidant.”³
597 2397 740 2476 Perpetud
762 2409 890 2457 amentes
915 2399 1078 2457 confirmari
1104 2406 1234 2475 possunt,
1255 2407 1338 2473 prout

249 2498 372 2557 declarat
384 2497 559 2557 Benedictus
570 2499 654 2557 XIV.

291 2600 337 2656 10.
359 2598 408 2654 Ex
422 2596 626 2654 consuetudine
640 2596 780 2654 Ecclesiae
796 2615 928 2673 sponsor,
943 2598 993 2668 qui
1011 2598 1072 2673 ipse
1089 2596 1175 2653 luerit
1190 2596 1338 2654 confirma·

249 2704 304 2762 tus,
326 2693 504 2753 adhibendus
519 2689 594 2758 εεις4
614 2703 642 2751 ει
662 2694 778 2766 quidem
793 2695 846 2751 sub
866 2696 962 2772 gravi:
985 2702 1106 2752 attamen
1126 2693 1201 2769 apud
1215 2714 1268 2754 nos
1282 2713 1339 2753 non

249 2792 398 2850 consuevit
414 2791 552 2850 adhiberi.
595 2790 781 2850 contrahitur
800 2793 933 2871 cognatio
953 2793 1109 2868 spiritualis
1129 2793 1200 2850 inter
1219 2811 1338 2868 sponso·

249 2909 309 2948 rem
323 2900 352 2948 et
364 2890 572 2959 confirmatum,
587 2891 708 2968 ejusque
722 2900 863 2969 parentes.
906 2892 1039 2950 Petrinus
1059 2910 1176 2950 manum
1192 2892 1338 2950 dexteram

250 3009 336 3066 super
356 2990 503 3049 dexterum
522 2989 673 3049 humerum
695 2991 882 3051 confirmandi
900 2993 990 3068 ponit,
1005 2991 1054 3064 qui
1074 3010 1137 3050 mos
1151 2992 1232 3050 abeo
1247 2993 1338 3063 quiin

252 3090 414 3149 Pontificali
434 3091 625 3167 praescribitur
644 3091 773 3150 diversus
799 3100 851 3162 est,
873 3090 924 3149 sed
944 3112 960 3149 a
980 3091 1012 3148 S.
1034 3089 1071 3148 0.
1094 3090 1209 3148 Rituum
1232 3090 1278 3147 die
1298 3094 1338 3148 20

251 3190 397 3266 Septemb,
415 3193 503 3257 1749,
518 3191 651 3266 probatus
665 3190 774 3250 dicitur.

293 3291 339 3345 11.
361 3289 407 3346 Dc
420 3289 592 3364 obligatione
607 3289 782 3366 suscipiendi
794 3290 1038 3349 confirmationem
1049 3288 1230 3366 disceptatur,
1242 3288 1338 3348 multis

252 3387 419 3464 negantibus
451 3386 550 3446 fideles
580 3388 643 3464 lege
674 3389 822 3466 adstringi,
849 3391 898 3462 qui
925 3399 1019 3447 tamen
1045 3388 1167 3448 fatentur
1200 3389 1339 3447 venialem

251 3485 360 3544 admitti
377 3486 501 3563 culpam,
516 3488 708 3563 praetermisso
728 3497 804 3546 tanto
824 3490 921 3563 gratiae
935 3487 1072 3545 subsidio.
1115 3485 1236 3543 Constat
1248 3488 1341 3562 Apos-

252 3584 324 3641 tolos
350 3602 482 3660 magnam
508 3585 667 3642 ostendisse
691 3585 903 3644 solicitudinem
928 3595 960 3642 ut
985 3585 1090 3660 singuli
1117 3583 1193 3641 dono
1217 3585 1340 3660 Spiritus

251 3682 339 3738 Sanct
348 3681 410 3756 iper
420 3699 555 3740 manuum
566 3684 778 3760 impositionem
788 3686 962 3742 munirentur
970 3681 994 3740 :⁵
1007 3682 1082 3754 quod
1093 3693 1121 3739 ει
1130 3682 1163 3738 S.
1176 3681 1341 3759 Cyprianus

250 3780 435 3838 vehementer
447 3782 647 3841 commendam
673 3783 782 3859 “Ungi
796 3800 909 3856 quoque
924 3799 1041 3840 necesse
1055 3789 1099 3838 est
1111 3798 1175 3839 eum
1190 3783 1239 3855 qui
1252 3781 1342 3860 bapti-

253 3887 332 3938 zatus
346 3879 393 3946 sit,
408 3887 439 3936 ut
458 3888 575 3956 accepto
588 3880 752 3950 chrismate,
768 3880 797 3940 id
810 3889 863 3950 est,
876 3881 1022 3948 unctione,
1037 3897 1101 3938 esse
1114 3890 1216 3939 unctus
1231 3883 1299 3951 Dei,
1314 3892 1343 3941 et

252 3979 356 4038 habere
369 3977 398 4035 in
412 3997 444 4036 se
459 3976 569 4038 christi
580 3981 697 4056 gratiam
712 3971 851 4056 possit.”⁶
891 3980 1035 4053 Equidem
1049 3981 1098 4051 qui
1107 3980 1180 4040 inter
1192 3981 1340 4041 haereticos
1430 3972 1432 3976 ’

252 4087 406 4147 versantur,
432 4079 563 4155 plurimis
583 4079 650 4138 fidei
671 4080 810 4158 negandae
834 4081 968 4156 periculis
993 4079 1123 4152 obnoxii,
1147 4083 1197 4140 vix
1220 4090 1341 4157 possunt

320 4240 363 4304 (1)
382 4237 416 4287 iii.
427 4253 450 4302 p.
462 4253 503 4302 qu.
515 4238 583 4289 lxxii.
595 4244 638 4288 art.
650 4255 673 4290 v.
708 4239 785 4306 Καρ.

321 4323 363 4387 (2)
383 4323 488 4374 constit
502 4325 558 4372 129.
592 4324 767 4392 quuumcic.
966 4328 1010 4392 (3)
1030 4325 1068 4376 De
1079 4325 1276 4376 confirmations.

316 4407 365 4472 ’(4)
386 4405 447 4471 Gap.
456 4408 516 4458 Non
527 4410 615 4474 plures.
626 4409 656 4461 dc
667 4427 770 4463 consecr.
782 4411 839 4462 diat.
850 4411 882 4461 iv.
970 4415 1012 4481 (ὅ)
1034 4414 1089 4462 Act.
1101 4411 1151 4462 xix.

706 4500 748 4566 (6)
768 4499 815 4564 Ep.
826 4499 895 4549 lxxii.
