<?xml version="1.0" encoding="UTF-8"?>
<!DOCTYPE html PUBLIC "-//W3C//DTD XHTML 1.0 Transitional//EN"
    "http://www.w3.org/TR/xhtml1/DTD/xhtml1-transitional.dtd">
<html xmlns="http://www.w3.org/1999/xhtml" xml:lang="en" lang="en">
 <head>
  <title>
</title>
<meta http-equiv="Content-Type" content="text/html;charset=utf-8" />
  <meta name='ocr-system' content='tesseract 3.04.00' />
  <meta name='ocr-capabilities' content='ocr_page ocr_carea ocr_par ocr_line ocrx_word'/>
</head>
<body>
  <div class='ocr_page' id='page_1' title='image "./theologiaemoral02kenrgoog_0215.png"; bbox 0 0 3144 5192; ppageno 0'>
   <div class='ocr_carea' id='block_1_1' title="bbox 241 547 1141 640">
    <p class='ocr_par' dir='ltr' id='par_1_1' title="bbox 241 547 1141 640">
     <span class='ocr_line' id='line_1_1' title="bbox 241 547 1141 640; baseline -0.004 -27"><span class='ocrx_word' id='word_1_1' title='bbox 241 559 298 616; x_wconf 83' lang='grc'><strong>198</strong></span> <span class='ocrx_word' id='word_1_2' title='bbox 423 550 482 612; x_wconf 77' lang='lat' dir='ltr'><strong>BE</strong></span> <span class='ocrx_word' id='word_1_3' title='bbox 502 547 831 612; x_wconf 82' lang='lat' dir='ltr'>JURISDIOTIONE</span> <span class='ocrx_word' id='word_1_4' title='bbox 853 549 1141 640; x_wconf 72' lang='lat' dir='ltr'><strong>coneessnltss.</strong></span> 
     </span>
    </p>
   </div>
   <div class='ocr_carea' id='block_1_2' title="bbox 238 718 1330 1192">
    <p class='ocr_par' dir='ltr' id='par_1_2' title="bbox 238 718 1330 1192">
     <span class='ocr_line' id='line_1_2' title="bbox 239 718 1330 797; baseline -0.004 -17"><span class='ocrx_word' id='word_1_5' title='bbox 239 723 274 780; x_wconf 89' lang='lat' dir='ltr'><strong>ab</strong></span> <span class='ocrx_word' id='word_1_6' title='bbox 288 721 435 797; x_wconf 84' lang='lat' dir='ltr'><strong>episcopo,</strong></span> <span class='ocrx_word' id='word_1_7' title='bbox 457 718 482 776; x_wconf 86' lang='lat' dir='ltr'><strong>si</strong></span> <span class='ocrx_word' id='word_1_8' title='bbox 503 718 585 787; x_wconf 88' lang='lat' dir='ltr'><strong>adsit,</strong></span> <span class='ocrx_word' id='word_1_9' title='bbox 600 718 701 778; x_wconf 87' lang='lat' dir='ltr'><strong>debeat</strong></span> <span class='ocrx_word' id='word_1_10' title='bbox 713 718 922 780; x_wconf 76' lang='lat' dir='ltr'><strong>absolutionem</strong></span> <span class='ocrx_word' id='word_1_11' title='bbox 936 737 952 777; x_wconf 89' lang='lat' dir='ltr'><strong>a</strong></span> <span class='ocrx_word' id='word_1_12' title='bbox 965 719 1094 778; x_wconf 73' lang='lat' dir='ltr'><strong>censuris</strong></span> <span class='ocrx_word' id='word_1_13' title='bbox 1107 727 1214 796; x_wconf 87' lang='lat' dir='ltr'><strong>petere.</strong></span> <span class='ocrx_word' id='word_1_14' title='bbox 1236 718 1330 777; x_wconf 75' lang='lat' dir='ltr'><strong>Variae</strong></span> 
     </span>
     <span class='ocr_line' id='line_1_3' title="bbox 238 817 1328 896; baseline -0.004 -18"><span class='ocrx_word' id='word_1_15' title='bbox 238 828 305 878; x_wconf 86' lang='lat' dir='ltr'><strong>sunt</strong></span> <span class='ocrx_word' id='word_1_16' title='bbox 317 818 516 896; x_wconf 77' lang='lat' dir='ltr'><strong>theologorum</strong></span> <span class='ocrx_word' id='word_1_17' title='bbox 530 819 687 886; x_wconf 77' lang='lat' dir='ltr'><strong>sententie,</strong></span> <span class='ocrx_word' id='word_1_18' title='bbox 702 837 821 892; x_wconf 86' lang='lat' dir='ltr'><strong>querum</strong></span> <span class='ocrx_word' id='word_1_19' title='bbox 842 837 905 892; x_wconf 81' lang='lat' dir='ltr'><strong>que</strong></span> <span class='ocrx_word' id='word_1_20' title='bbox 927 817 1048 878; x_wconf 85' lang='lat' dir='ltr'><strong>affirmat</strong></span> <span class='ocrx_word' id='word_1_21' title='bbox 1060 817 1252 877; x_wconf 81' lang='lat' dir='ltr'><strong>verosimilior</strong></span> <span class='ocrx_word' id='word_1_22' title='bbox 1274 827 1328 885; x_wconf 87' lang='lat' dir='ltr'><strong>est,</strong></span> 
     </span>
     <span class='ocr_line' id='line_1_4' title="bbox 238 915 1327 996; baseline -0.001 -19"><span class='ocrx_word' id='word_1_23' title='bbox 238 918 394 996; x_wconf 71' lang='lat' dir='ltr'><strong>presertim</strong></span> <span class='ocrx_word' id='word_1_24' title='bbox 407 918 437 976; x_wconf 92' lang='lat' dir='ltr'><strong>in</strong></span> <span class='ocrx_word' id='word_1_25' title='bbox 451 918 563 976; x_wconf 82' lang='lat' dir='ltr'><strong>casibus</strong></span> <span class='ocrx_word' id='word_1_26' title='bbox 577 918 706 986; x_wconf 87' lang='lat' dir='ltr'><strong>occultis,</strong></span> <span class='ocrx_word' id='word_1_27' title='bbox 721 936 843 991; x_wconf 87' lang='lat' dir='ltr'><strong>quorum</strong></span> <span class='ocrx_word' id='word_1_28' title='bbox 857 917 975 977; x_wconf 79' lang='lat' dir='ltr'><strong>facultas</strong></span> <span class='ocrx_word' id='word_1_29' title='bbox 989 937 1005 976; x_wconf 87' lang='lat' dir='ltr'><strong>e</strong></span> <span class='ocrx_word' id='word_1_30' title='bbox 1018 916 1142 976; x_wconf 88' lang='lat' dir='ltr'><strong>concilio</strong></span> <span class='ocrx_word' id='word_1_31' title='bbox 1155 915 1327 976; x_wconf 75' lang='lat' dir='ltr'><strong>&#39;rndenuno</strong></span> 
     </span>
     <span class='ocr_line' id='line_1_5' title="bbox 238 1002 1328 1095; baseline -0.001 -20"><span class='ocrx_word' id='word_1_32' title='bbox 238 1018 383 1095; x_wconf 84' lang='lat' dir='ltr'><strong>episcopis</strong></span> <span class='ocrx_word' id='word_1_33' title='bbox 407 1016 470 1076; x_wconf 84' lang='lat' dir='ltr'><strong>date</strong></span> <span class='ocrx_word' id='word_1_34' title='bbox 483 1025 536 1074; x_wconf 87' lang='lat' dir='ltr'><strong>est.</strong></span> <span class='ocrx_word' id='word_1_35' title='bbox 577 1015 623 1074; x_wconf 92' lang='lat' dir='ltr'><strong>De</strong></span> <span class='ocrx_word' id='word_1_36' title='bbox 644 1035 813 1093; x_wconf 86' lang='lat' dir='ltr'><strong>percussore</strong></span> <span class='ocrx_word' id='word_1_37' title='bbox 834 1015 928 1075; x_wconf 88' lang='lat' dir='ltr'><strong>clerici</strong></span> <span class='ocrx_word' id='word_1_38' title='bbox 945 1002 1141 1094; x_wconf 49' lang='lat' dir='ltr'><strong>jus&#39;decernit</strong></span> <span class='ocrx_word' id='word_1_39' title='bbox 1163 1034 1229 1074; x_wconf 89' lang='lat' dir='ltr'><strong>eum</strong></span> <span class='ocrx_word' id='word_1_40' title='bbox 1252 1014 1328 1074; x_wconf 89' lang='lat' dir='ltr'><strong>adire</strong></span> 
     </span>
     <span class='ocr_line' id='line_1_6' title="bbox 238 1107 1329 1192; baseline -0.003 -17"><span class='ocrx_word' id='word_1_41' title='bbox 238 1115 341 1175; x_wconf 88' lang='lat' dir='ltr'><strong>debere</strong></span> <span class='ocrx_word' id='word_1_42' title='bbox 361 1117 530 1192; x_wconf 87' lang='lat' dir='ltr'><strong>episcopum</strong></span> <span class='ocrx_word' id='word_1_43' title='bbox 551 1113 738 1173; x_wconf 83' lang='lat' dir='ltr'><strong>absolutionis</strong></span> <span class='ocrx_word' id='word_1_44' title='bbox 758 1134 855 1184; x_wconf 86' lang='lat' dir='ltr'><strong>cauea,</strong></span> <span class='ocrx_word' id='word_1_45' title='bbox 882 1117 907 1174; x_wconf 89' lang='lat' dir='ltr'><strong>si</strong></span> <span class='ocrx_word' id='word_1_46' title='bbox 934 1114 1069 1174; x_wconf 79' lang='lat' dir='ltr'><strong>Pontifex</strong></span> <span class='ocrx_word' id='word_1_47' title='bbox 1090 1115 1161 1174; x_wconf 89' lang='lat' dir='ltr'><strong>adiri</strong></span> <span class='ocrx_word' id='word_1_48' title='bbox 1182 1107 1329 1187; x_wconf 85' lang='lat' dir='ltr'><strong>nequeat.¹</strong></span> 
     </span>
    </p>
   </div>
   <div class='ocr_carea' id='block_1_3' title="bbox 150 1212 1328 1291">
    <p class='ocr_par' dir='ltr' id='par_1_3' title="bbox 150 1212 1328 1291">
     <span class='ocr_line' id='line_1_7' title="bbox 150 1212 1328 1291; baseline -0.001 -19"><span class='ocrx_word' id='word_1_49' title='bbox 150 1245 153 1252; x_wconf 42' lang='lat' dir='ltr'>v</span> <span class='ocrx_word' id='word_1_50' title='bbox 239 1215 299 1274; x_wconf 84' lang='lat' dir='ltr'><strong>Sed</strong></span> <span class='ocrx_word' id='word_1_51' title='bbox 312 1214 386 1291; x_wconf 88' lang='lat' dir='ltr'><strong>apud</strong></span> <span class='ocrx_word' id='word_1_52' title='bbox 400 1232 453 1272; x_wconf 86' lang='lat' dir='ltr'><strong>nos</strong></span> <span class='ocrx_word' id='word_1_53' title='bbox 467 1212 618 1271; x_wconf 85' lang='lat' dir='ltr'><strong>difficultas</strong></span> <span class='ocrx_word' id='word_1_54' title='bbox 637 1231 702 1271; x_wconf 86' lang='lat' dir='ltr'><strong>esse</strong></span> <span class='ocrx_word' id='word_1_55' title='bbox 716 1217 824 1289; x_wconf 87' lang='lat' dir='ltr'><strong>nequit,</strong></span> <span class='ocrx_word' id='word_1_56' title='bbox 841 1233 930 1288; x_wconf 90' lang='lat' dir='ltr'><strong>quum</strong></span> <span class='ocrx_word' id='word_1_57' title='bbox 943 1215 1072 1291; x_wconf 83' lang='lat' dir='ltr'><strong>episcopi</strong></span> <span class='ocrx_word' id='word_1_58' title='bbox 1087 1213 1257 1273; x_wconf 87' lang='lat' dir='ltr'><strong>aPontifice</strong></span> <span class='ocrx_word' id='word_1_59' title='bbox 1271 1232 1328 1271; x_wconf 90' lang='lat' dir='ltr'><strong>am·</strong></span> 
     </span>
    </p>
   </div>
   <div class='ocr_carea' id='block_1_4' title="bbox 237 1312 1328 2065">
    <p class='ocr_par' dir='ltr' id='par_1_4' title="bbox 239 1312 727 1390">
     <span class='ocr_line' id='line_1_8' title="bbox 239 1312 727 1390; baseline -0.004 -19"><span class='ocrx_word' id='word_1_60' title='bbox 239 1313 382 1390; x_wconf 87' lang='lat' dir='ltr'><strong>piissimas</strong></span> <span class='ocrx_word' id='word_1_61' title='bbox 396 1313 559 1388; x_wconf 88' lang='lat' dir='ltr'><strong>acceperint</strong></span> <span class='ocrx_word' id='word_1_62' title='bbox 571 1312 727 1371; x_wconf 85' lang='lat' dir='ltr'><strong>facultates.</strong></span> 
     </span>
    </p>

    <p class='ocr_par' dir='ltr' id='par_1_5' title="bbox 237 1398 1328 2065">
     <span class='ocr_line' id='line_1_9' title="bbox 280 1398 1325 1490; baseline 0 -22"><span class='ocrx_word' id='word_1_63' title='bbox 280 1415 347 1468; x_wconf 77' lang='lat'>152.</span> <span class='ocrx_word' id='word_1_64' title='bbox 369 1411 401 1470; x_wconf 80' lang='lat' dir='ltr'><strong>Si</strong></span> <span class='ocrx_word' id='word_1_65' title='bbox 415 1412 547 1488; x_wconf 87' lang='lat' dir='ltr'><strong>superior</strong></span> <span class='ocrx_word' id='word_1_66' title='bbox 560 1410 631 1469; x_wconf 86' lang='lat' dir='ltr'><strong>adiri</strong></span> <span class='ocrx_word' id='word_1_67' title='bbox 644 1398 774 1486; x_wconf 76' lang='lat' dir='ltr'><strong>nequeat.</strong></span> <span class='ocrx_word' id='word_1_68' title='bbox 795 1411 841 1472; x_wconf 87' lang='lat' dir='ltr'><strong>vel</strong></span> <span class='ocrx_word' id='word_1_69' title='bbox 854 1413 972 1480; x_wconf 85' lang='lat' dir='ltr'><strong>arcessi,</strong></span> <span class='ocrx_word' id='word_1_70' title='bbox 993 1411 1100 1486; x_wconf 86' lang='lat' dir='ltr'><strong>absque</strong></span> <span class='ocrx_word' id='word_1_71' title='bbox 1115 1414 1197 1472; x_wconf 77' lang='lat' dir='ltr'><strong>fame</strong></span> <span class='ocrx_word' id='word_1_72' title='bbox 1207 1413 1325 1490; x_wconf 86' lang='lat' dir='ltr'><strong>jactura,</strong></span> 
     </span>
     <span class='ocr_line' id='line_1_10' title="bbox 238 1509 1328 1579; baseline 0 -11"><span class='ocrx_word' id='word_1_73' title='bbox 238 1509 391 1569; x_wconf 89' lang='lat' dir='ltr'><strong>sacerdotis</strong></span> <span class='ocrx_word' id='word_1_74' title='bbox 413 1512 443 1569; x_wconf 92' lang='lat' dir='ltr'><strong>in</strong></span> <span class='ocrx_word' id='word_1_75' title='bbox 465 1528 599 1570; x_wconf 86' lang='lat' dir='ltr'><strong>censuras</strong></span> <span class='ocrx_word' id='word_1_76' title='bbox 621 1521 777 1570; x_wconf 84' lang='lat' dir='ltr'><strong>reservatas</strong></span> <span class='ocrx_word' id='word_1_77' title='bbox 797 1529 858 1570; x_wconf 88' lang='lat' dir='ltr'><strong>non</strong></span> <span class='ocrx_word' id='word_1_78' title='bbox 878 1509 1009 1571; x_wconf 86' lang='lat' dir='ltr'><strong>habentis</strong></span> <span class='ocrx_word' id='word_1_79' title='bbox 1032 1512 1189 1579; x_wconf 86' lang='lat' dir='ltr'><strong>facultates,</strong></span> <span class='ocrx_word' id='word_1_80' title='bbox 1209 1511 1328 1569; x_wconf 90' lang='lat' dir='ltr'><strong>licetuti</strong></span> 
     </span>
     <span class='ocr_line' id='line_1_11' title="bbox 238 1609 1328 1689; baseline -0.002 -20"><span class='ocrx_word' id='word_1_81' title='bbox 238 1627 340 1686; x_wconf 88' lang='lat' dir='ltr'><strong>opera:</strong></span> <span class='ocrx_word' id='word_1_82' title='bbox 362 1628 428 1668; x_wconf 84' lang='lat' dir='ltr'><strong>nam</strong></span> <span class='ocrx_word' id='word_1_83' title='bbox 455 1609 609 1686; x_wconf 87' lang='lat' dir='ltr'><strong>impeditus</strong></span> <span class='ocrx_word' id='word_1_84' title='bbox 630 1611 707 1669; x_wconf 89' lang='lat' dir='ltr'><strong>adire</strong></span> <span class='ocrx_word' id='word_1_85' title='bbox 721 1611 909 1688; x_wconf 83' lang='lat' dir='ltr'><strong>superiorem,</strong></span> <span class='ocrx_word' id='word_1_86' title='bbox 924 1629 982 1670; x_wconf 91' lang='lat' dir='ltr'><strong>non</strong></span> <span class='ocrx_word' id='word_1_87' title='bbox 1002 1621 1122 1679; x_wconf 86' lang='lat' dir='ltr'><strong>tenetur,</strong></span> <span class='ocrx_word' id='word_1_88' title='bbox 1133 1612 1217 1689; x_wconf 84' lang='lat' dir='ltr'><strong>juxta</strong></span> <span class='ocrx_word' id='word_1_89' title='bbox 1230 1610 1328 1686; x_wconf 84' lang='lat' dir='ltr'><strong>proha·</strong></span> 
     </span>
     <span class='ocr_line' id='line_1_12' title="bbox 237 1708 1326 1786; baseline -0.001 -19"><span class='ocrx_word' id='word_1_90' title='bbox 237 1708 365 1768; x_wconf 86' lang='lat' dir='ltr'><strong>biliorern</strong></span> <span class='ocrx_word' id='word_1_91' title='bbox 380 1709 559 1776; x_wconf 89' lang='lat' dir='ltr'><strong>sententiam,</strong></span> <span class='ocrx_word' id='word_1_92' title='bbox 581 1727 633 1784; x_wconf 87' lang='lat' dir='ltr'><strong>per</strong></span> <span class='ocrx_word' id='word_1_93' title='bbox 648 1710 756 1768; x_wconf 86' lang='lat' dir='ltr'><strong>litteras</strong></span> <span class='ocrx_word' id='word_1_94' title='bbox 771 1711 817 1770; x_wconf 88' lang='lat' dir='ltr'><strong>vel</strong></span> <span class='ocrx_word' id='word_1_95' title='bbox 837 1727 890 1786; x_wconf 92' lang='lat' dir='ltr'><strong>per</strong></span> <span class='ocrx_word' id='word_1_96' title='bbox 902 1711 1106 1771; x_wconf 88' lang='lat' dir='ltr'><strong>internuntium</strong></span> <span class='ocrx_word' id='word_1_97' title='bbox 1120 1709 1326 1768; x_wconf 86' lang='lat' dir='ltr'><strong>absolutionem</strong></span> 
     </span>
     <span class='ocr_line' id='line_1_13' title="bbox 237 1806 1326 1886; baseline -0.002 -20"><span class='ocrx_word' id='word_1_98' title='bbox 237 1818 344 1885; x_wconf 91' lang='lat' dir='ltr'><strong>petere,</strong></span> <span class='ocrx_word' id='word_1_99' title='bbox 359 1825 447 1880; x_wconf 88' lang='lat' dir='ltr'><strong>quum</strong></span> <span class='ocrx_word' id='word_1_100' title='bbox 460 1806 489 1865; x_wconf 89' lang='lat' dir='ltr'><strong>id</strong></span> <span class='ocrx_word' id='word_1_101' title='bbox 502 1807 604 1866; x_wconf 91' lang='lat' dir='ltr'><strong>nullibi</strong></span> <span class='ocrx_word' id='word_1_102' title='bbox 617 1808 646 1865; x_wconf 87' lang='lat' dir='ltr'><strong>ia</strong></span> <span class='ocrx_word' id='word_1_103' title='bbox 655 1809 721 1885; x_wconf 87' lang='lat' dir='ltr'><strong>jure</strong></span> <span class='ocrx_word' id='word_1_104' title='bbox 736 1810 943 1885; x_wconf 75' lang='lat' dir='ltr'><strong>praescribatur,</strong></span> <span class='ocrx_word' id='word_1_105' title='bbox 964 1820 992 1868; x_wconf 92' lang='lat' dir='ltr'><strong>et</strong></span> <span class='ocrx_word' id='word_1_106' title='bbox 1004 1809 1132 1886; x_wconf 89' lang='lat' dir='ltr'><strong>periculo</strong></span> <span class='ocrx_word' id='word_1_107' title='bbox 1146 1809 1326 1867; x_wconf 88' lang='lat' dir='ltr'><strong>revelationis</strong></span> 
     </span>
     <span class='ocr_line' id='line_1_14' title="bbox 237 1901 1326 1977; baseline -0.003 -11"><span class='ocrx_word' id='word_1_108' title='bbox 237 1926 294 1966; x_wconf 91' lang='lat' dir='ltr'><strong>non</strong></span> <span class='ocrx_word' id='word_1_109' title='bbox 308 1901 426 1966; x_wconf 87' lang='lat' dir='ltr'><strong>eareat.¹</strong></span> <span class='ocrx_word' id='word_1_110' title='bbox 466 1907 599 1966; x_wconf 75' lang='lat' dir='ltr'><strong>Attamen</strong></span> <span class='ocrx_word' id='word_1_111' title='bbox 612 1906 679 1965; x_wconf 89' lang='lat' dir='ltr'><strong>licet</strong></span> <span class='ocrx_word' id='word_1_112' title='bbox 691 1926 726 1967; x_wconf 87' lang='lat' dir='ltr'><strong>ea</strong></span> <span class='ocrx_word' id='word_1_113' title='bbox 737 1909 846 1968; x_wconf 84' lang='lat' dir='ltr'><strong>ratione</strong></span> <span class='ocrx_word' id='word_1_114' title='bbox 858 1910 911 1977; x_wconf 88' lang='lat' dir='ltr'><strong>uti,</strong></span> <span class='ocrx_word' id='word_1_115' title='bbox 925 1909 1019 1968; x_wconf 87' lang='lat' dir='ltr'><strong>debita</strong></span> <span class='ocrx_word' id='word_1_116' title='bbox 1032 1908 1155 1967; x_wconf 86' lang='lat' dir='ltr'><strong>adhibita</strong></span> <span class='ocrx_word' id='word_1_117' title='bbox 1169 1906 1277 1966; x_wconf 89' lang='lat' dir='ltr'><strong>cautela</strong></span> <span class='ocrx_word' id='word_1_118' title='bbox 1289 1925 1326 1966; x_wconf 91' lang='lat' dir='ltr'><strong>ne</strong></span> 
     </span>
     <span class='ocr_line' id='line_1_15' title="bbox 238 2007 463 2065; baseline 0 -1"><span class='ocrx_word' id='word_1_119' title='bbox 238 2025 283 2064; x_wconf 89' lang='lat' dir='ltr'><strong>res</strong></span> <span class='ocrx_word' id='word_1_120' title='bbox 298 2007 463 2065; x_wconf 88' lang='lat' dir='ltr'><strong>innotescat.</strong></span> 
     </span>
    </p>
   </div>
   <div class='ocr_carea' id='block_1_5' title="bbox 406 2185 1158 2334">
    <p class='ocr_par' dir='ltr' id='par_1_6' title="bbox 406 2185 1158 2334">
     <span class='ocr_line' id='line_1_16' title="bbox 406 2185 1158 2252; baseline 0.008 -20"><span class='ocrx_word' id='word_1_121' title='bbox 406 2189 448 2252; x_wconf 85' lang='lat'><strong>(1)</strong></span> <span class='ocrx_word' id='word_1_122' title='bbox 469 2185 499 2236; x_wconf 84' lang='lat' dir='ltr'><strong>C.</strong></span> <span class='ocrx_word' id='word_1_123' title='bbox 511 2185 550 2236; x_wconf 83' lang='lat' dir='ltr'><strong>Ea</strong></span> <span class='ocrx_word' id='word_1_124' title='bbox 560 2189 675 2247; x_wconf 87' lang='lat' dir='ltr'><strong>noscitur,</strong></span> <span class='ocrx_word' id='word_1_125' title='bbox 687 2195 732 2238; x_wconf 84' lang='lat' dir='ltr'><strong>etc.</strong></span> <span class='ocrx_word' id='word_1_126' title='bbox 767 2188 805 2240; x_wconf 89' lang='lat' dir='ltr'><strong>De</strong></span> <span class='ocrx_word' id='word_1_127' title='bbox 817 2195 909 2240; x_wconf 79' lang='lat' dir='ltr'><strong>cetero.</strong></span> <span class='ocrx_word' id='word_1_128' title='bbox 944 2190 982 2243; x_wconf 84' lang='lat' dir='ltr'><strong>De</strong></span> <span class='ocrx_word' id='word_1_129' title='bbox 994 2195 1056 2244; x_wconf 80' lang='lat' dir='ltr'><strong>rent·</strong></span> <span class='ocrx_word' id='word_1_130' title='bbox 1067 2205 1158 2242; x_wconf 62' lang='lat' dir='ltr'><strong>neom.</strong></span> 
     </span>
     <span class='ocr_line' id='line_1_17' title="bbox 406 2268 754 2334; baseline 0.017 -18"><span class='ocrx_word' id='word_1_131' title='bbox 406 2269 448 2334; x_wconf 83' lang='lat'><strong>(2)</strong></span> <span class='ocrx_word' id='word_1_132' title='bbox 468 2268 494 2318; x_wconf 81' lang='lat' dir='ltr'><strong>e.</strong></span> <span class='ocrx_word' id='word_1_133' title='bbox 505 2268 579 2334; x_wconf 79' lang='lat' dir='ltr'><strong>Alph.</strong></span> <span class='ocrx_word' id='word_1_134' title='bbox 590 2271 605 2320; x_wconf 92' lang='lat'><strong>1.</strong></span> <span class='ocrx_word' id='word_1_135' title='bbox 618 2271 649 2320; x_wconf 79' lang='lat' dir='ltr'><strong>vt.</strong></span> <span class='ocrx_word' id='word_1_136' title='bbox 661 2287 685 2320; x_wconf 78' lang='lat' dir='ltr'><strong>n.</strong></span> <span class='ocrx_word' id='word_1_137' title='bbox 698 2273 754 2322; x_wconf 79' lang='lat' dir='ltr'><strong>eea.</strong></span> 
     </span>
    </p>
   </div>
   <div class='ocr_carea' id='block_1_6' title="bbox 0 0 1576 5192">
    <p class='ocr_par' dir='ltr' id='par_1_7' title="bbox 0 0 1576 5192">
     <span class='ocr_line' id='line_1_18' title="bbox 0 0 1576 5192; baseline 0 3"><span class='ocrx_word' id='word_1_138' title='bbox 0 0 1576 5192; x_wconf 95' lang='lat' dir='ltr'><strong> </strong></span> 
     </span>
    </p>
   </div>
  </div>
 </body>
</html>
