3144 5192
473 542 530 602 DE
551 541 735 602 MUNERE
758 539 1047 600 soNFnssARtl.
1247 551 1308 606 227

218 724 262 771 est
288 721 381 771 tamen
407 710 576 770 sacramenti
608 709 763 768 simulatio.
804 709 836 766 Si
862 699 961 766 notitia
992 705 1158 766 confessarii
1191 710 1309 768 aliorum

216 813 352 871 relatione
365 812 477 880 nitatur,
491 810 658 887 plerumque
677 808 749 868 fides
763 809 911 884 poenitenti
924 825 982 883 prae
1006 807 1069 864 aliis
1084 805 1241 866 adhibenda
1254 820 1307 878 est,

220 913 376 989 praesertim
390 911 414 969 si
428 910 515 969 errori
534 911 573 968 sit
585 910 683 968 locus:
699 926 751 966 nec
771 906 854 966 facile
869 905 952 964 debet
965 905 1099 984 denegari
1119 907 1260 966 absolutio
1273 910 1311 966 eb

218 1029 356 1079 rumores,
370 1011 416 1068 vel
426 1009 577 1068 relationes
592 1009 715 1066 alienas:
732 1006 782 1064 sed
796 1009 844 1066 ubi
858 1015 943 1063 testes
957 1017 1024 1064 sunt
1044 1007 1124 1064 omui
1138 1009 1309 1084 exceptione

219 1111 351 1187 majores,
365 1128 422 1168 non
434 1117 528 1186 potest
539 1108 601 1166 dari
615 1110 642 1166 ei
656 1109 706 1180 qui
716 1106 849 1164 delictum
860 1114 968 1163 certum
979 1114 1088 1163 tacetet
1100 1119 1204 1182 negat:
1222 1116 1310 1165 “nam

220 1210 347 1286 regulam
361 1209 439 1267 illam
453 1208 531 1281 quod
545 1207 719 1266 credendum
728 1206 766 1262 sit
778 1205 936 1282 poenitenti,
952 1204 1016 1263 dico
1029 1203 1183 1280 procedere
1194 1205 1311 1278 quidem

220 1310 293 1367 inre
312 1309 407 1376 dubia,
422 1325 481 1366 non
494 1307 605 1366 veroin
623 1325 654 1364 re
673 1304 818 1362 moraliter
841 1313 925 1370 certa,
941 1304 1056 1362 moralis
1076 1305 1152 1363 eninr
1174 1305 1312 1364 certitudo

222 1426 289 1465 vera
302 1405 441 1465 certitudo
454 1398 547 1492 est.'’l

547 1640 642 1717 §.111.
685 1639 733 1698 Dn
754 1657 981 1698 uourrrouraus.

261 1814 332 1870 217.
353 1809 489 1886 Absoluta
503 1785 685 1868 confessione
699 1809 909 1886 objurgationes
923 1805 1057 1865 faciendae
1067 1816 1143 1878 sunt,
1152 1809 1177 1866 si
1187 1809 1222 1866 iis
1233 1827 1307 1885 opus

223 1913 276 1970 sit:
300 1930 317 1967 a
330 1909 434 1983 quibus
449 1909 616 1986 plerumque
630 1907 827 1966 abstinendum
841 1915 893 1973 est,
908 1924 944 1962 ne
958 1906 1135 1966 exulceretur
1148 1908 1311 1983 paenitentis

222 2011 343 2067 animus.
386 2009 530 2082 Equidem
545 2010 569 2066 si
583 2010 696 2066 noverit
708 2008 756 2065 hic
769 2015 952 2082 peccatorum
968 2023 1084 2063 suorum
1099 2007 1274 2083 gravitatem,
1285 2017 1314 2064 et

222 2107 382 2176 detestetur,
403 2107 598 2166 consolatione
621 2108 716 2183 potius
737 2113 817 2182 eget,
836 2124 872 2162 ne
899 2103 1095 2163 abundantiori
1127 2107 1310 2165 absorbeatur

222 2207 342 2264 tristitia.
384 2207 437 2266 Ille
460 2215 566 2265 tantum
581 2204 775 2284 objurgandus
796 2212 849 2272 cst,
864 2204 911 2262 eui
931 2206 1040 2278 peccati
1062 2205 1168 2264 malitia
1189 2224 1246 2264 non
1270 2215 1316 2264 est

226 2316 385 2380 perspecta,
399 2315 428 2362 et
441 2306 617 2382 propositum
638 2317 666 2364 et
686 2304 766 2362 dolor
778 2302 890 2370 desunt,
905 2303 954 2374 qui
969 2323 985 2360 a
998 2303 1172 2362 confessario
1191 2307 1316 2363 excitan-

227 2401 280 2462 dus
291 2413 344 2471 est,
356 2412 387 2462 ut
398 2422 414 2461 e
424 2403 532 2477 laqueis
543 2422 574 2462 se
583 2405 682 2480 eripiat
692 2411 886 2478 quantocyus:
903 2400 953 2459 sed
964 2403 1131 2478 plerumque
1141 2402 1318 2462 hortamenta

227 2522 285 2580 prae
311 2503 550 2580 increpationibus
577 2503 680 2562 valent.
723 2504 757 2562 In
784 2501 943 2559 excitandis
969 2502 1024 2577 piis
1046 2501 1133 2558 animi
1159 2501 1316 2571 affectibus,

227 2601 335 2670 dolore,
362 2603 520 2679 proposito,
547 2622 643 2661 amore
674 2602 739 2670 Dei,
766 2619 901 2678 magnum
925 2599 1089 2677 ponendum
1119 2609 1161 2657 est
1181 2601 1316 2660 studium.

227 2709 246 2737 ‘⁶
258 2701 458 2761 Confessarius
471 2712 589 2772 tenetur,
601 2713 738 2774 quantum
753 2710 855 2777 potest,
868 2700 902 2758 ad
913 2701 1124 2777 disponendum
1133 2718 1216 2758 suurn
1227 2702 1317 2778 poeni·

227 2811 341 2869 tentem,
356 2803 406 2874 qui
419 2801 605 2878 indispositus
622 2801 740 2858 accedit.
782 2799 923 2867 Quocirca
936 2802 1034 2860 neseio
1045 2798 1190 2873 quomodo
1204 2821 1220 2858 a
1233 2800 1318 2877 culpa

227 2901 356 2957 excusari
381 2901 493 2977 possint
522 2899 635 2958 desides
662 2901 703 2958 illi
729 2899 906 2967 confessarii,
934 2901 984 2971 qui
1011 2902 1104 2959 statim
1130 2917 1163 2956 ac
1188 2902 1319 2958 noverint
1377 2975 1381 2982 ι

228 2999 409 3074 poenitentem
424 3018 481 3058 non
499 3000 567 3056 satis
580 2996 762 3076 dispositum,
778 2998 931 3065 dimittunt,
947 2998 1023 3056 nulla
1044 3008 1091 3055 aut
1104 2997 1185 3056 valde
1205 2999 1317 3057 modica

229 3097 376 3173 premissa
395 3098 541 3176 diligentia
558 3096 593 3155 ad
616 3117 681 3156 eum
703 3096 871 3157 curandum.
913 3097 989 3154 Dico
1010 3097 1096 3163 enim,
1111 3096 1187 3168 quod
1208 3097 1319 3154 confes-

229 3195 321 3253 sarius
348 3207 456 3256 tenetur
481 3217 517 3256 ex
540 3197 668 3275 rigorosa
693 3197 866 3274 obligatione
893 3195 1038 3254 eharitatis
1065 3213 1130 3253 eum
1164 3192 1318 3272 disponere

229 3305 365 3368 quantum
397 3298 481 3366 valet,
508 3297 680 3373 exponendo
713 3299 769 3373 ipsi
802 3296 1008 3356 deformitatem
1041 3295 1160 3369 peccati,
1194 3295 1319 3354 valorem

229 3393 331 3452 divinae
351 3398 455 3473 gratiae,
480 3397 638 3473 perieulum
661 3395 861 3463 damnationis,
882 3405 911 3452 et
933 3394 1045 3459 similia,
1066 3394 1178 3452 etiamsi
1198 3395 1317 3454 multum

228 3496 364 3571 temporis
378 3497 408 3556 in
421 3496 476 3556 hoc
496 3495 661 3572 impendere
676 3496 785 3554 debeat.
827 3495 892 3553 Nec
913 3495 939 3552 ei
959 3511 1033 3550 curte
1051 3510 1114 3551 esse
1136 3493 1228 3562 debet,
1243 3493 1320 3567 quod

228 3593 276 3652 alii
289 3596 457 3670 poenitentes
472 3604 642 3674 expectent:
658 3614 723 3652 nam
738 3606 804 3653 tnnc
824 3593 1014 3653 confessarius
1030 3611 1088 3652 non
1102 3604 1212 3652 tenetur
1232 3604 1320 3653 atten-

228 3693 295 3752 dere
309 3694 343 3752 ad
355 3697 462 3756 bonum
481 3697 613 3764 aliorum,
629 3695 679 3753 sed
693 3703 801 3753 tantum
814 3695 859 3752 sui
877 3693 1051 3771 prandentis,
1066 3713 1118 3770 pro
1133 3713 1191 3768 quo
1212 3705 1319 3754 tantum

229 3793 276 3850 ille
291 3801 366 3862 tunc,
378 3815 436 3854 non
447 3795 515 3854 verb
529 3815 582 3872 pro
596 3794 670 3860 aliis,
680 3795 820 3852 rationem
834 3804 878 3853 est
890 3794 955 3853 Deo
969 3785 1179 3852 redditurus.'’²

267 3893 336 3947 218·
357 3893 521 3953 Monendus
545 3904 589 3953 est
611 3887 752 3970 poenitens
772 3895 821 3967 qui
844 3913 896 3950 sua
909 3894 993 3970 culpa
1013 3894 1123 3968 ignorat
1145 3893 1318 3965 quaelacere

229 3997 355 4048 tenetur:
384 3992 427 4050 vel
447 3995 508 4066 qui,
529 3995 639 4052 etiamsi
660 3994 769 4067 absque
799 3993 893 4069 culpa,
915 3993 1026 4070 ignorat
1049 4011 1113 4064 qnae
1140 3989 1316 4047 adsalutem

229 4088 350 4147 omnino
375 4092 535 4150 necessaria
553 4101 628 4161 sunt,
650 4111 712 4160 seu,
733 4093 774 4150 uti
794 4091 902 4159 dicunt,
924 4089 1093 4149 necessitate
1116 4086 1221 4146 medii:
1249 4105 1318 4146 nam

228 4188 389 4266 ignorantia
403 4207 466 4263 quae
486 4209 551 4250 cum
566 4201 683 4268 peccato
702 4192 855 4269 conjuncta
875 4200 929 4258 est,
944 4189 1026 4248 obest
1052 4187 1155 4254 saluti;
1180 4195 1209 4244 et
1228 4186 1256 4245 in
1283 4186 1319 4244 iis

229 4307 292 4360 quae
306 4290 468 4348 necessaria
480 4302 546 4349 sunt
565 4291 637 4350 scitu
657 4291 825 4368 ignorantia,
840 4289 969 4362 quamvis
991 4307 1007 4344 a
1021 4287 1104 4362 culpa
1118 4294 1247 4355 excuset,
1262 4305 1321 4346 non

365 4496 408 4563 (l)
428 4494 455 4544 S.
466 4494 541 4561 Alph.
553 4496 569 4548 1.
581 4494 612 4545 vi.
624 4511 648 4546 n.
661 4497 719 4545 631.
919 4493 961 4559 (2)
979 4489 1081 4550 Ibidem,
1090 4505 1115 4540 n.
1127 4491 1185 4540 608.
