3124 5168
588 534 645 594 DE
667 532 968 594 SPONSORIBUS.

658 1045 799 1106 CAPUT
820 1045 905 1104 VIII.

605 1265 653 1303 DE
685 1262 961 1302 SPONSORIBUS.

278 1424 324 1478 45.
350 1423 512 1500 sponsores
527 1427 557 1482 iu
573 1423 695 1483 solemni
709 1423 851 1498 baptismo
871 1421 1052 1492 requiruntur
1073 1440 1110 1480 ex
1130 1418 1329 1493 antiquissimo

240 1535 329 1587 more,
344 1523 394 1594 qui
408 1541 445 1580 ex
460 1523 639 1582 Tertulliano
651 1522 751 1594 liquet,
765 1523 848 1599 eujus
862 1522 1001 1578 rationem
1015 1522 1137 1598 exponit
1150 1521 1182 1578 S.
1198 1520 1330 1577 Thomas

239 1616 387 1690 Aquinas:
412 1631 431 1657 ‘⁶
440 1623 470 1680 in
484 1622 623 1699 spirituali
636 1621 818 1696 generatione
831 1620 965 1696 baptismi
979 1621 1130 1692 requiritur
1143 1620 1258 1690 aliquis,
1280 1617 1329 1689 qui

240 1715 373 1793 fungatur
385 1721 446 1778 viee
460 1722 577 1779 nutricis
592 1730 620 1778 et
633 1719 792 1797 paedagogi‚
813 1717 994 1777 informando
1014 1731 1042 1777 et
1064 1717 1231 1778 instruendo
1254 1733 1329 1783 eum,

242 1818 325 1886 quasi
334 1819 472 1877 novitium
488 1820 517 1877 in
530 1819 597 1887 fide,
612 1818 647 1876 de
660 1818 705 1876 his
720 1837 783 1891 quae
798 1818 939 1895 pertinent
954 1817 988 1874 ad
1002 1817 1088 1876 fidem
1103 1829 1131 1875 et
1143 1820 1229 1875 vitam
1243 1814 1331 1872 chris·

241 1913 396 1974 tianam.”1
437 1927 456 1953 ‘⁶
469 1919 553 1976 Unus
567 1917 685 1986 tantum,
706 1915 767 1976 slve
787 1919 825 1974 sit
844 1917 896 1983 vir,
918 1916 977 1973 sive
991 1917 1029 1972 sit
1043 1901 1178 1983 muIIer,”
1199 1915 1238 1970 ita
1260 1932 1331 1989 prae·

243 2015 342 2072 scribit
355 2017 506 2074 concilium
521 2017 733 2084 Tridentinum‚
756 2017 865 2093 “juxta
878 2033 1022 2072 sacrorum
1037 2033 1179 2074 canonum
1193 2013 1330 2080 instituta,

242 2111 287 2190 yel
302 2113 336 2170 ad
350 2132 494 2174 summum
509 2135 582 2173 unus
602 2125 631 2174 et
649 2134 706 2172 una
718 2105 890 2192 baptIzatum
912 2113 947 2170 de
970 2113 1110 2188 baptismo
1124 2103 1334 2188 suscipiant.'’²

243 2209 361 2284 Absque
382 2231 521 2289 sponsore
542 2215 700 2292 baptismus
720 2215 851 2291 privatim
871 2211 1062 2270 administrari
1083 2221 1187 2290 potest,
1202 2210 1332 2283 quamvis

243 2319 358 2385 praestet
370 2330 434 2370 eum
449 2312 552 2372 habere
562 2309 585 2370 :⁸
599 2313 647 2370 sed
662 2314 692 2370 in
705 2312 828 2371 solemni
841 2303 1083 2370 administratione
1094 2311 1228 2390 baptismi
1237 2310 1331 2387 gravis

243 2409 325 2486 eulpa
339 2421 461 2470 osteum
482 2414 612 2471 omittere
632 2412 747 2485 quando
768 2412 867 2470 haberi
881 2404 1000 2488 possit.‘¹
1039 2411 1137 2470 Etiam
1151 2409 1245 2469 adulto
1259 2425 1332 2485 opus

163 2537 164 2540 ¹
242 2516 287 2565 est
299 2527 450 2585 sponsore,
465 2530 553 2583 quum
567 2511 660 2568 insans
680 2513 710 2567 in
734 2511 833 2585 spiritu
854 2509 998 2566 habeatur.
1041 2508 1186 2569 Caeterum
1199 2510 1225 2565 si
1237 2508 1332 2567 nullus

242 2606 279 2662 sit
298 2609 329 2665 in
350 2608 414 2666 Ioco
436 2607 604 2666 Catholieus
625 2617 726 2682 praeter
744 2618 877 2682 parentes
897 2605 1023 2672 Infantis,
1044 2609 1090 2664 vel
1112 2609 1243 2665 sinemo
1265 2606 1334 2664 velit

243 2707 393 2779 sponsoris
416 2705 496 2781 iungi
522 2705 629 2772 officio,
650 2705 716 2777 quia
741 2712 874 2779 parentes
899 2703 989 2780 ignoti
1009 2715 1085 2772 sunt,
1112 2705 1158 2763 vel
1183 2703 1265 2771 viles,
1289 2703 1333 2762 vel

243 2801 337 2859 Infans
360 2803 475 2879 spurius
496 2812 548 2871 est,
570 2801 679 2860 videtur
698 2802 785 2860 licere
811 2801 984 2879 baptismum
1010 2802 1170 2863 solemnem
1192 2803 1332 2871 conferre,

243 2917 383 2975 sponsore
410 2901 529 2961 omisso.
585 2901 655 2960 Non
680 2911 792 2978 oportet
822 2901 1015 2977 baptizantem
1041 2905 1189 2979 sponsoris
1215 2919 1332 2961 munere

245 2998 336 3077 fungi,
351 3001 408 3058 nisi
422 3001 493 3059 alius
507 3009 612 3078 praesto
632 3001 670 3058 sit
682 3003 732 3073 qui
745 3001 808 3078 ejus
821 3001 938 3058 nomine
952 3002 1139 3078 respondeat;
1160 3019 1248 3076 quum
1263 3002 1330 3078 bap-

245 3099 338 3159 tizans
360 3120 376 3158 a
396 3119 546 3178 sponsore,
564 3103 649 3179 juxta
667 3101 753 3159 ritum
773 3098 924 3169 Ecclesia,
946 3100 1150 3176 distInguatur:
1171 3100 1212 3161 nil
1236 3109 1331 3157 autem

245 3209 321 3257 vetat
333 3211 545 3276 procuratorem
566 3201 711 3259 constitui.
753 3199 873 3265 QuotIes
895 3198 974 3256 deest
995 3210 1169 3277 procurator,
1193 3199 1244 3272 qui
1265 3199 1332 3274 bap·

245 3298 360 3355 tIzantis
386 3299 464 3356 vices
491 3298 659 3375 spondendo
680 3307 754 3376 agat,
781 3317 838 3356 non
864 3297 974 3356 videtur
993 3298 1041 3358 bio
1061 3317 1164 3358 munus
1185 3299 1332 3376 sponsoris

245 3397 401 3472 suscipere,
416 3397 483 3456 licet
496 3398 559 3474 ipse
573 3397 650 3466 velit,
661 3416 726 3456 nam
741 3397 870 3455 voluntas
883 3396 945 3455 haee
958 3398 1117 3467 frustratur,
1132 3400 1201 3457 dum
1214 3396 1333 3475 sponsio

243 3513 342 3553 revera
356 3514 414 3554 non
434 3497 477 3564 fit,
499 3506 527 3554 et
549 3497 642 3555 infans
663 3514 720 3555 non
740 3495 849 3554 levatur
868 3514 884 3552 e
904 3495 1091 3554 sacrofonte.
1133 3497 1167 3555 Id
1180 3495 1333 3555 dicendum

245 3610 360 3660 censeo,
375 3595 487 3653 etiamsi
501 3595 650 3670 baptizans
662 3595 723 3670 ipse
736 3593 791 3650 sibi
805 3592 975 3668 respondeat
984 3593 1162 3669 spondendo,
1176 3603 1204 3652 et
1216 3611 1333 3652 manum

246 3700 379 3766 apponat,
404 3690 471 3749 dunt
493 3690 618 3767 baptizat
637 3671 783 3760 infantem,
806 3709 840 3748 eo
854 3689 949 3749 animo
968 3702 1000 3748 ut
1019 3694 1166 3768 sponsoris
1187 3690 1334 3750 contrahat

245 3788 465 3865 obligationem:
493 3808 559 3848 nam
585 3810 623 3849 ex
649 3789 789 3848 Ecclesiae
815 3789 941 3848 instituto
962 3790 1033 3848 alius
1054 3811 1071 3849 a
1097 3791 1257 3869 baptisante
1284 3791 1333 3864 qui

246 3907 369 3966 sponsor
379 3889 429 3956 sit,
443 3889 489 3946 vel
502 3891 648 3964 sponsoris
663 3890 740 3947 vines
754 3898 829 3966 agat,
843 3887 952 3946 videtur
964 3891 1081 3962 requiri,
1206 3891 1209 3896 ”

285 3992 336 4047 46.
357 3987 513 4064 Sponsoris
527 4005 631 4048 munus
645 3986 720 4063 quod
734 3988 786 4045 sub
800 3988 877 4064 gravi
891 3996 1009 4063 peceato
1022 3989 1142 4067 implere
1156 4000 1276 4058 tenetur,
1290 3997 1334 4047 est

245 4089 420 4166 baptisatam
443 4088 562 4146 edocere
581 4087 649 4146 fidei
671 4087 804 4145 veritates
825 4097 853 4144 et
872 4104 984 4145 morum
1004 4089 1155 4167 principia,
1180 4100 1208 4148 et
1220 4107 1285 4163 quoe
1299 4086 1334 4145 ad

245 4187 379 4264 pietatem
393 4188 544 4264 pertinent,
559 4196 691 4246 caeterum
706 4187 731 4244 si
744 4197 875 4263 parentes
889 4185 947 4244 sint
959 4186 1070 4257 fideles,
1090 4199 1118 4247 et
1130 4190 1213 4265 eopia
1226 4189 1264 4246 sit
1276 4185 1333 4244 dis·

275 4413 318 4477 (l)
337 4412 372 4462 iii.
381 4428 406 4476 p.
418 4430 458 4476 qu.
470 4415 537 4466 lxvii.
548 4422 591 4467 art.
603 4415 643 4465 vii.
678 4415 752 4484 Καρ.
833 4416 876 4482 (2)
887 4414 960 4466 'Sess
971 4415 1038 4464 xxiv.
1048 4413 1175 4480 capiids
1188 4413 1241 4464 Res.
1253 4412 1325 4464 Matr.

274 4495 317 4560 (³)
337 4493 363 4542 S·
375 4494 449 4558 ttpu.
459 4497 475 4545 t
487 4497 519 4545 vi·
529 4513 554 4548 n·
568 4499 624 4547 14⁷.
826 4500 869 4565 (r)
888 4498 987 4558 urtam,
998 4513 1024 4548 n.
1038 4499 1093 4546 mo.
