3172 5172
592 540 649 602 DE
671 531 979 614 CONFESSIONE.
1272 551 1329 609 147

147 765 150 768 .
234 729 307 792 pore
322 709 399 786 quod
412 709 447 769 eb
461 709 562 794 ultima
573 709 756 768 consessione
770 710 900 788 elapsum
920 720 973 782 est,
995 719 1022 769 et
1034 710 1212 790 negotiorum
1227 715 1330 787 quibus

240 814 384 890 poenitens
406 811 566 886 implicatus
587 818 639 878 est,
661 810 747 876 mole,
770 819 798 867 ει
820 809 930 868 cautela
949 811 978 869 in
998 811 1033 868 iis
1058 812 1189 890 gerendis
1209 824 1330 874 servata

241 910 328 979 Quod
341 911 376 968 ad
391 909 475 969 rudes
494 908 660 976 litterarum,
682 920 711 966 et
730 909 801 968 alios
822 927 922 985 parurn
943 910 1059 970 edoctos
1080 912 1188 981 attinet,
1202 912 1331 990 indigent

240 1011 369 1068 maxime
392 1007 546 1066 sacerdotis
566 1025 663 1085 opera,
683 1009 734 1080 qui
755 1027 804 1066 eos
825 1007 978 1084 prudenter
1000 1011 1163 1087 interroget,
1182 1013 1231 1068 vix
1254 1015 1331 1072 enim

237 1109 313 1168 alies
329 1108 422 1166 idonei
437 1107 557 1165 evadant
570 1108 743 1166 confessioni
756 1105 913 1175 laciendae3
936 1118 1020 1185 prout
1038 1110 1139 1167 litteris
1160 1110 1329 1186 Encyclicis

239 1209 350 1267 monuit
374 1208 437 1266 Leo
459 1205 530 1264 XII.
552 1205 604 1264 sed
622 1216 651 1265 et
676 1224 768 1282 nuper
791 1208 936 1265 conversis
966 1227 982 1264 a
1009 1207 1075 1277 fide,
1106 1217 1133 1265 et
1162 1209 1280 1279 timidis,
1304 1217 1332 1268 et

239 1307 416 1383 scrupulosis
430 1305 507 1364 idem
527 1305 717 1381 praestandum
738 1314 781 1362 est
801 1304 956 1364 auxilium:
978 1316 1006 1364 ει
1024 1306 1086 1366 rard
1101 1308 1213 1383 aliquis,
1234 1318 1262 1365 et
1281 1309 1332 1367 hu·

238 1406 414 1464 manissimis
428 1397 548 1473 verbis,¹
568 1403 751 1463 dimittendus
769 1414 814 1462 est
825 1405 862 1464 cb
883 1423 1005 1465 examen
1024 1408 1174 1474 ominum,
1189 1407 1239 1465 sed
1254 1408 1332 1485 adju·

240 1505 350 1563 vandns
363 1506 457 1580 potius
471 1504 749 1580 interrogationibus,
771 1522 833 1576 quse
854 1514 949 1562 tamen
969 1525 1052 1582 parce
1073 1516 1102 1564 et
1113 1505 1267 1583 prudenter
1279 1524 1331 1584 pro

241 1605 405 1679 paenitentis
420 1603 593 1671 conditione,
616 1622 654 1661 ex
674 1604 709 1661 iis
733 1621 796 1676 quae
817 1602 967 1661 confitetur
987 1605 1149 1682 conjecture
1168 1605 1329 1683 desumpta,

241 1700 376 1760 faciendae
390 1716 464 1761 sunt.

467 1939 493 2012 §.
515 1937 555 1996 ΙΙ.
597 1937 645 1995 Dr
667 1954 856 1996 oonrrnsnnr
876 1956 1089 1998 onerosrronn.

279 2132 327 2186 36.
350 2127 491 2186 Divinum
504 2125 660 2185 confitendi
673 2135 845 2203 praeceptum
856 2127 962 2204 obligat
973 2136 1150 2204 peccatorem
1161 2129 1192 2187 in
1202 2127 1331 2205 periculo

243 2228 321 2304 gravi
347 2229 447 2285 mortis
474 2236 643 2293 versantem,
672 2245 704 2283 v:
733 2244 768 2301 g:
790 2227 938 2285 mulierem
965 2237 1045 2303 partu
1070 2227 1179 2293 difficili
1201 2229 1330 2294 instante,

241 2326 362 2383 militem
382 2327 577 2400 ingressurum
598 2333 749 2392 certamen,
771 2334 953 2401 aegrotantem
973 2326 1141 2400 periculose.
1183 2326 1331 2399 Equidem

243 2425 366 2497 quisque
379 2431 490 2480 tenetur
502 2411 584 2480 saluti
607 2441 664 2480 suae
684 2424 844 2488 consulere,
866 2425 901 2482 iis
924 2423 1057 2482 adhibitis
1077 2423 1211 2482 remediis
1225 2442 1288 2496 quae
1301 2425 1333 2482 in

242 2532 424 2599 peccatorum
438 2522 636 2580 remissionem
651 2541 667 2578 a
680 2521 799 2581 Christo
813 2522 941 2581 Domino
955 2532 1022 2580 sunt
1034 2523 1148 2590 relicta3
1169 2531 1197 2580 et
1210 2520 1330 2598 proinde

242 2630 358 2698 peccata
371 2621 501 2680 confiteri
518 2620 657 2679 sacerdoti
677 2623 708 2680 in
727 2623 827 2679 mortis
841 2623 940 2680 saltem
960 2622 1137 2692 discrimine,
1158 2640 1246 2694 quum
1266 2628 1332 2680 tune

242 2723 368 2779 maxima
387 2721 424 2777 sit
443 2721 600 2778 necessitas
621 2719 677 2776 sibi
697 2720 873 2779 consulendi.
918 2721 1020 2787 “Quia
1033 2741 1066 2780 ea
1080 2740 1143 2794 quse
1157 2729 1223 2778 sunt
1235 2718 1270 2778 de
1284 2737 1333 2779 ne·

242 2801 373 2878 cessitate
387 2820 497 2886 salutis,
512 2827 622 2877 tenetur
634 2817 723 2876 homo
745 2819 775 2876 in
796 2820 850 2877 hac
870 2820 927 2876 vita
940 2822 1077 2898 implere:
1099 2819 1164 2879 ideo
1184 2821 1209 2878 si
1223 2821 1334 2896 perieu-

169 2989 171 2994 s
243 2919 303 2977 lurn
316 2918 414 2977 mortis
435 2919 591 2986 immineat,
613 2917 698 2974 etiarn
721 2936 825 2993 perse
848 2918 993 2990 loquendo
1013 2920 1154 2995 obligatur
1173 2919 1274 2992 aliquis
1298 2917 1333 2976 ad

243 3017 453 3076 confessionem
467 3017 626 3075 faciendam
641 3012 755 3074 tunc.'’¹
797 3017 881 3093 Saepe
905 3018 989 3075 etiarn
1009 3018 1039 3074 in
1060 3019 1117 3074 vita
1137 3017 1266 3074 confiteri
1285 3035 1333 3074 ne-

244 3134 324 3174 ccsse
338 3123 390 3184 est,
405 3115 483 3176 nullo
504 3116 672 3174 imminente
689 3115 826 3190 periculo,
851 3133 916 3172 nam
936 3127 980 3172 est
999 3113 1156 3172 remedium
1171 3114 1290 3188 peccati,
1306 3125 1334 3170 et

245 3217 391 3274 munimen
405 3225 503 3274 contra
516 3216 639 3281 hostem,
655 3213 733 3286 qnod
753 3213 860 3291 negligi
882 3215 980 3287 nequit
994 3215 1101 3284 absque
1115 3211 1218 3270 divinae
1232 3213 1334 3289 majes-

245 3315 319 3382 tatis,
346 3333 430 3386 quam
454 3301 586 3372 temnere¹
600 3312 711 3372 videtur
730 3323 872 3389 peccator,
894 3313 1054 3391 dispendio,
1076 3321 1105 3368 et
1124 3311 1168 3368 sui
1194 3310 1332 3388 periculo.

242 3414 363 3479 Quoties
390 3431 440 3488 per
460 3414 546 3472 vitam
566 3413 675 3489 obliget
697 3411 825 3471 divinum
850 3422 1034 3488 praeceptum,
1055 3430 1113 3469 non
1133 3420 1259 3468 constet:
1281 3409 1333 3468 sed

245 3512 385 3571 Ecclesiae
399 3513 458 3580 lex,
473 3531 508 3570 eo
531 3513 608 3579 nixa,
629 3513 730 3570 saltem
750 3511 841 3569 semel
861 3513 890 3570 in
913 3530 987 3571 anno
1007 3509 1218 3570 consessionem
1232 3509 1332 3586 exigit.

247 3612 323 3670 “Ad
349 3609 592 3679 confessionem,”
613 3611 705 3685 inquit
727 3611 758 3669 S.
787 3611 929 3680 Thomas,
961 3611 1139 3688 “dupliciter
1165 3609 1342 3687 obligarnur.'

248 3711 315 3770 Uno
340 3708 439 3778 modo,
464 3728 501 3768 ex
522 3711 587 3786 jure
608 3709 716 3778 divino,
738 3729 775 3769 ex
796 3709 851 3770 hoc
871 3713 936 3788 ipso
962 3710 1039 3784 quod
1059 3719 1103 3769 est
1127 3710 1286 3769 medicina:
1308 3719 1336 3767 ει

246 3809 404 3868 secundum
418 3809 474 3867 hoc
487 3828 545 3868 non
559 3828 659 3868 omnes
674 3818 802 3868 tenentur
815 3808 850 3867 ad
863 3811 1084 3878 consessionem,
1106 3809 1158 3868 sed
1171 3810 1212 3868 illi
1226 3819 1335 3867 tantum

249 3909 299 3980 qni
322 3917 470 3983 peccatum
493 3908 611 3968 mortale
631 3909 778 3968 incurrunt
796 3919 864 3984 post
881 3911 1065 3987 baptismum.
1107 3909 1173 3967 Alio
1186 3907 1284 3973 modo,
1299 3923 1336 3962 ex

248 4015 390 4083 praecepto
398 4008 474 4084 juris
487 4009 612 4084 positivi,
633 4017 663 4066 ει
682 4008 723 4066 sic
737 4017 868 4066 tenentur
881 4027 982 4066 omnes
996 4026 1034 4067 ex
1046 4007 1221 4064 institutione
1234 4002 1335 4061 Ecole·

247 4105 307 4173 siae,
320 4104 397 4164 edita
417 4107 448 4165 in
470 4107 593 4166 concilio
613 4107 738 4182 generali
759 4108 813 4166 snb
834 4107 1002 4166 innocentio
1021 4104 1076 4164 ΙΙΙ.
1102 4113 1160 4162 turn
1173 4111 1206 4160 ιιι
1218 4100 1337 4175 quilibet

247 4213 427 4284 peccatorem
453 4225 484 4264 se
503 4215 730 4285 recognosceret,
758 4207 825 4281 quia
850 4224 951 4266 omnes
977 4208 1176 4283 peccaverunt,
1197 4210 1226 4258 ει
1251 4210 1336 4278 egent

452 4411 464 4474 (
469 4411 495 4476 1)
516 4409 570 4459 Get.
582 4409 653 4459 Rom.
664 4424 688 4474 p.
697 4409 723 4458 ii.
734 4424 756 4458 c.
767 4423 790 4457 v.
802 4423 827 4458 ιι.
840 4409 880 4458 60.

451 4493 495 4559 (Β)
514 4493 542 4545 S.
553 4493 643 4546 Thom.
655 4492 742 4559 Suppl.
752 4491 786 4543 ii'n
796 4507 820 4558 p.
832 4507 873 4557 qu.
884 4490 916 4542 ri.
928 4495 971 4540 ert.
983 4505 1006 4540 ι.
1041 4489 1116 4559 Reep.
