<?xml version="1.0" encoding="UTF-8"?>
<!DOCTYPE html PUBLIC "-//W3C//DTD XHTML 1.0 Transitional//EN"
    "http://www.w3.org/TR/xhtml1/DTD/xhtml1-transitional.dtd">
<html xmlns="http://www.w3.org/1999/xhtml" xml:lang="en" lang="en">
 <head>
  <title>
</title>
<meta http-equiv="Content-Type" content="text/html;charset=utf-8" />
  <meta name='ocr-system' content='tesseract 3.04.00' />
  <meta name='ocr-capabilities' content='ocr_page ocr_carea ocr_par ocr_line ocrx_word'/>
</head>
<body>
  <div class='ocr_page' id='page_1' title='image "./theologiaemoral02kenrgoog_0384.png"; bbox 0 0 3108 5162; ppageno 0'>
   <div class='ocr_carea' id='block_1_1' title="bbox 503 544 1302 611">
    <p class='ocr_par' dir='ltr' id='par_1_1' title="bbox 503 544 1302 611">
     <span class='ocr_line' id='line_1_1' title="bbox 503 544 1302 611; baseline 0.004 -3"><span class='ocrx_word' id='word_1_1' title='bbox 503 546 560 608; x_wconf 86' lang='lat' dir='ltr'><strong>DE</strong></span> <span class='ocrx_word' id='word_1_2' title='bbox 582 544 1005 608; x_wconf 79' lang='lat' dir='ltr'><strong>DISPENSATIONIBUS.</strong></span> <span class='ocrx_word' id='word_1_3' title='bbox 1243 554 1302 611; x_wconf 80' lang='grc'><strong>867</strong></span> 
     </span>
    </p>
   </div>
   <div class='ocr_carea' id='block_1_2' title="bbox 161 714 1303 2477">
    <p class='ocr_par' dir='ltr' id='par_1_2' title="bbox 161 714 1302 990">
     <span class='ocr_line' id='line_1_2' title="bbox 213 714 1302 793; baseline 0.001 -19"><span class='ocrx_word' id='word_1_4' title='bbox 213 714 390 793; x_wconf 87' lang='lat' dir='ltr'><strong>dispensare,</strong></span> <span class='ocrx_word' id='word_1_5' title='bbox 401 715 485 791; x_wconf 85' lang='lat' dir='ltr'><strong>juxta</strong></span> <span class='ocrx_word' id='word_1_6' title='bbox 504 715 677 775; x_wconf 86' lang='lat' dir='ltr'><strong>nonnullos:</strong></span> <span class='ocrx_word' id='word_1_7' title='bbox 699 714 750 774; x_wconf 91' lang='lat' dir='ltr'><strong>sed</strong></span> <span class='ocrx_word' id='word_1_8' title='bbox 769 715 953 793; x_wconf 78' lang='lat' dir='ltr'><strong>probabiliter</strong></span> <span class='ocrx_word' id='word_1_9' title='bbox 971 722 1090 774; x_wconf 86' lang='lat' dir='ltr'><strong>censent</strong></span> <span class='ocrx_word' id='word_1_10' title='bbox 1102 714 1150 772; x_wconf 90' lang='lat' dir='ltr'><strong>alii</strong></span> <span class='ocrx_word' id='word_1_11' title='bbox 1170 715 1302 776; x_wconf 87' lang='lat' dir='ltr'><strong>sufficere</strong></span> 
     </span>
     <span class='ocr_line' id='line_1_3' title="bbox 161 799 1302 892; baseline 0.003 -20"><span class='ocrx_word' id='word_1_12' title='bbox 161 799 164 806; x_wconf 47' lang='lat'>¹</span> <span class='ocrx_word' id='word_1_13' title='bbox 213 813 456 891; x_wconf 76' lang='lat' dir='ltr'><strong>dispensationem</strong></span> <span class='ocrx_word' id='word_1_14' title='bbox 470 815 597 892; x_wconf 76' lang='lat' dir='ltr'><strong>episcopi</strong></span> <span class='ocrx_word' id='word_1_15' title='bbox 610 817 640 874; x_wconf 92' lang='lat' dir='ltr'><strong>in</strong></span> <span class='ocrx_word' id='word_1_16' title='bbox 661 816 742 891; x_wconf 90' lang='lat' dir='ltr'><strong>cujus</strong></span> <span class='ocrx_word' id='word_1_17' title='bbox 762 814 880 875; x_wconf 73' lang='lat' dir='ltr'><strong>diaecesi</strong></span> <span class='ocrx_word' id='word_1_18' title='bbox 900 814 1075 872; x_wconf 81' lang='lat' dir='ltr'>celebrantur</span> <span class='ocrx_word' id='word_1_19' title='bbox 1088 814 1213 892; x_wconf 86' lang='lat' dir='ltr'><strong>nuptiae:</strong></span> <span class='ocrx_word' id='word_1_20' title='bbox 1234 835 1302 875; x_wconf 86' lang='lat' dir='ltr'><strong>nam</strong></span> 
     </span>
     <span class='ocr_line' id='line_1_4' title="bbox 212 912 1300 990; baseline 0.003 -18"><span class='ocrx_word' id='word_1_21' title='bbox 212 912 406 990; x_wconf 85' lang='lat' dir='ltr'><strong>dispensando</strong></span> <span class='ocrx_word' id='word_1_22' title='bbox 418 932 502 974; x_wconf 89' lang='lat' dir='ltr'><strong>suum</strong></span> <span class='ocrx_word' id='word_1_23' title='bbox 517 914 661 973; x_wconf 90' lang='lat' dir='ltr'><strong>subditum</strong></span> <span class='ocrx_word' id='word_1_24' title='bbox 674 933 743 973; x_wconf 89' lang='lat' dir='ltr'><strong>eum</strong></span> <span class='ocrx_word' id='word_1_25' title='bbox 756 914 823 972; x_wconf 85' lang='lat' dir='ltr'><strong>facit</strong></span> <span class='ocrx_word' id='word_1_26' title='bbox 834 913 972 972; x_wconf 92' lang='lat' dir='ltr'><strong>idoneum</strong></span> <span class='ocrx_word' id='word_1_27' title='bbox 986 915 1141 973; x_wconf 88' lang='lat' dir='ltr'><strong>contractui</strong></span> <span class='ocrx_word' id='word_1_28' title='bbox 1154 931 1220 971; x_wconf 90' lang='lat' dir='ltr'><strong>cum</strong></span> <span class='ocrx_word' id='word_1_29' title='bbox 1233 916 1300 974; x_wconf 88' lang='lat' dir='ltr'><strong>alio.</strong></span> 
     </span>
    </p>

    <p class='ocr_par' dir='ltr' id='par_1_3' title="bbox 185 1013 1303 2278">
     <span class='ocr_line' id='line_1_5' title="bbox 253 1013 1303 1092; baseline 0.003 -21"><span class='ocrx_word' id='word_1_30' title='bbox 253 1018 323 1071; x_wconf 80' lang='lat'>223.</span> <span class='ocrx_word' id='word_1_31' title='bbox 344 1014 379 1072; x_wconf 90' lang='lat' dir='ltr'><strong>In</strong></span> <span class='ocrx_word' id='word_1_32' title='bbox 391 1014 649 1089; x_wconf 78' lang='lat' dir='ltr'><strong>dispensationibus</strong></span> <span class='ocrx_word' id='word_1_33' title='bbox 664 1014 696 1071; x_wconf 86' lang='lat' dir='ltr'><strong>S.</strong></span> <span class='ocrx_word' id='word_1_34' title='bbox 711 1013 1014 1085; x_wconf 57' lang='lat' dir='ltr'><strong>perlustransque</strong></span> <span class='ocrx_word' id='word_1_35' title='bbox 1029 1015 1139 1072; x_wconf 87' lang='lat' dir='ltr'><strong>anobis</strong></span> <span class='ocrx_word' id='word_1_36' title='bbox 1153 1013 1202 1071; x_wconf 90' lang='lat' dir='ltr'><strong>vix</strong></span> <span class='ocrx_word' id='word_1_37' title='bbox 1216 1033 1303 1092; x_wconf 84' lang='lat' dir='ltr'><strong>expe·</strong></span> 
     </span>
     <span class='ocr_line' id='line_1_6' title="bbox 212 1111 1301 1185; baseline 0.003 -16"><span class='ocrx_word' id='word_1_38' title='bbox 212 1120 316 1181; x_wconf 80' lang='lat' dir='ltr'><strong>tantur,</strong></span> <span class='ocrx_word' id='word_1_39' title='bbox 331 1112 460 1185; x_wconf 76' lang='lat' dir='ltr'><strong>quadam</strong></span> <span class='ocrx_word' id='word_1_40' title='bbox 481 1122 630 1173; x_wconf 90' lang='lat' dir='ltr'><strong>occurrent</strong></span> <span class='ocrx_word' id='word_1_41' title='bbox 649 1111 790 1170; x_wconf 74' lang='lat' dir='ltr'><strong>clausulae.</strong></span> <span class='ocrx_word' id='word_1_42' title='bbox 832 1113 857 1171; x_wconf 92' lang='lat' dir='ltr'><strong>I.</strong></span> <span class='ocrx_word' id='word_1_43' title='bbox 882 1111 917 1172; x_wconf 83' lang='lat' dir='ltr'><strong>Si</strong></span> <span class='ocrx_word' id='word_1_44' title='bbox 937 1111 982 1171; x_wconf 87' lang='lat' dir='ltr'><strong>ita</strong></span> <span class='ocrx_word' id='word_1_45' title='bbox 995 1113 1056 1170; x_wconf 80' lang='lat' dir='ltr'><strong>sit.-</strong></span> <span class='ocrx_word' id='word_1_46' title='bbox 1077 1114 1187 1172; x_wconf 85' lang='lat' dir='ltr'><strong>scilicet</strong></span> <span class='ocrx_word' id='word_1_47' title='bbox 1199 1115 1224 1172; x_wconf 91' lang='lat' dir='ltr'><strong>si</strong></span> <span class='ocrx_word' id='word_1_48' title='bbox 1244 1132 1301 1182; x_wconf 90' lang='lat' dir='ltr'><strong>res,</strong></span> 
     </span>
     <span class='ocr_line' id='line_1_7' title="bbox 212 1210 1302 1290; baseline 0.004 -23"><span class='ocrx_word' id='word_1_49' title='bbox 212 1211 253 1269; x_wconf 90' lang='lat' dir='ltr'><strong>uti</strong></span> <span class='ocrx_word' id='word_1_50' title='bbox 267 1213 429 1288; x_wconf 85' lang='lat' dir='ltr'><strong>exponitur,</strong></span> <span class='ocrx_word' id='word_1_51' title='bbox 443 1229 474 1269; x_wconf 91' lang='lat' dir='ltr'><strong>se</strong></span> <span class='ocrx_word' id='word_1_52' title='bbox 488 1212 597 1271; x_wconf 89' lang='lat' dir='ltr'><strong>habeat.</strong></span> <span class='ocrx_word' id='word_1_53' title='bbox 640 1212 672 1269; x_wconf 89' lang='lat' dir='ltr'><strong>Si</strong></span> <span class='ocrx_word' id='word_1_54' title='bbox 686 1210 721 1269; x_wconf 89' lang='lat' dir='ltr'><strong>de</strong></span> <span class='ocrx_word' id='word_1_55' title='bbox 735 1213 792 1269; x_wconf 91' lang='lat' dir='ltr'><strong>voti</strong></span> <span class='ocrx_word' id='word_1_56' title='bbox 806 1211 932 1270; x_wconf 80' lang='lat' dir='ltr'><strong>castitate</strong></span> <span class='ocrx_word' id='word_1_57' title='bbox 944 1221 1050 1290; x_wconf 80' lang='lat' dir='ltr'><strong>agatur,</strong></span> <span class='ocrx_word' id='word_1_58' title='bbox 1065 1212 1223 1288; x_wconf 89' lang='lat' dir='ltr'><strong>pericnlum</strong></span> <span class='ocrx_word' id='word_1_59' title='bbox 1238 1232 1302 1290; x_wconf 92' lang='lat' dir='ltr'><strong>pro-</strong></span> 
     </span>
     <span class='ocr_line' id='line_1_8' title="bbox 212 1309 1302 1387; baseline 0.004 -21"><span class='ocrx_word' id='word_1_60' title='bbox 212 1309 305 1368; x_wconf 88' lang='lat' dir='ltr'><strong>babile</strong></span> <span class='ocrx_word' id='word_1_61' title='bbox 325 1310 421 1387; x_wconf 87' lang='lat' dir='ltr'><strong>lapsus</strong></span> <span class='ocrx_word' id='word_1_62' title='bbox 435 1310 627 1370; x_wconf 89' lang='lat' dir='ltr'><strong>conditionem</strong></span> <span class='ocrx_word' id='word_1_63' title='bbox 647 1310 722 1368; x_wconf 90' lang='lat' dir='ltr'><strong>hanc</strong></span> <span class='ocrx_word' id='word_1_64' title='bbox 750 1311 841 1386; x_wconf 89' lang='lat' dir='ltr'><strong>ponit.</strong></span> <span class='ocrx_word' id='word_1_65' title='bbox 876 1311 909 1366; x_wconf 81' lang='lat' dir='ltr'><strong>Si</strong></span> <span class='ocrx_word' id='word_1_66' title='bbox 930 1311 1004 1368; x_wconf 87' lang='lat' dir='ltr'><strong>bona</strong></span> <span class='ocrx_word' id='word_1_67' title='bbox 1017 1309 1073 1368; x_wconf 90' lang='lat' dir='ltr'><strong>lide</strong></span> <span class='ocrx_word' id='word_1_68' title='bbox 1091 1329 1176 1370; x_wconf 89' lang='lat' dir='ltr'><strong>causa</strong></span> <span class='ocrx_word' id='word_1_69' title='bbox 1189 1323 1302 1387; x_wconf 91' lang='lat' dir='ltr'><strong>putetur</strong></span> 
     </span>
     <span class='ocr_line' id='line_1_9' title="bbox 213 1407 1301 1486; baseline 0.003 -21"><span class='ocrx_word' id='word_1_70' title='bbox 213 1425 289 1476; x_wconf 85' lang='lat' dir='ltr'><strong>vera,</strong></span> <span class='ocrx_word' id='word_1_71' title='bbox 317 1428 379 1481; x_wconf 82' lang='lat' dir='ltr'><strong>quae</strong></span> <span class='ocrx_word' id='word_1_72' title='bbox 405 1409 477 1467; x_wconf 84' lang='lat' dir='ltr'><strong>falsa</strong></span> <span class='ocrx_word' id='word_1_73' title='bbox 502 1419 563 1478; x_wconf 86' lang='lat' dir='ltr'><strong>est‚&#39;</strong></span> <span class='ocrx_word' id='word_1_74' title='bbox 579 1410 710 1468; x_wconf 82' lang='lat' dir='ltr'><strong>Garriere</strong></span> <span class='ocrx_word' id='word_1_75' title='bbox 723 1418 820 1466; x_wconf 89' lang='lat' dir='ltr'><strong>censet</strong></span> <span class='ocrx_word' id='word_1_76' title='bbox 839 1408 1081 1486; x_wconf 87' lang='lat' dir='ltr'><strong>dispensationem</strong></span> <span class='ocrx_word' id='word_1_77' title='bbox 1101 1407 1220 1468; x_wconf 86' lang='lat' dir='ltr'><strong>valere.¹</strong></span> <span class='ocrx_word' id='word_1_78' title='bbox 1261 1411 1301 1470; x_wconf 93' lang='lat' dir='ltr'><strong>ll.</strong></span> 
     </span>
     <span class='ocr_line' id='line_1_10' title="bbox 213 1504 1303 1588; baseline 0.004 -24"><span class='ocrx_word' id='word_1_79' title='bbox 213 1504 331 1565; x_wconf 70' lang='lat' dir='ltr'><strong>Audita</strong></span> <span class='ocrx_word' id='word_1_80' title='bbox 338 1508 430 1584; x_wconf 84' lang='lat' dir='ltr'><strong>prius</strong></span> <span class='ocrx_word' id='word_1_81' title='bbox 444 1507 658 1567; x_wconf 80' lang='lat' dir='ltr'><strong>sacramentali</strong></span> <span class='ocrx_word' id='word_1_82' title='bbox 678 1505 873 1588; x_wconf 80' lang='lat' dir='ltr'><strong>consessione,</strong></span> <span class='ocrx_word' id='word_1_83' title='bbox 887 1507 1061 1585; x_wconf 87' lang='lat' dir='ltr'><strong>dispensatio</strong></span> <span class='ocrx_word' id='word_1_84' title='bbox 1074 1510 1181 1585; x_wconf 91' lang='lat' dir='ltr'><strong>quippe</strong></span> <span class='ocrx_word' id='word_1_85' title='bbox 1199 1508 1260 1566; x_wconf 86' lang='lat' dir='ltr'><strong>haec</strong></span> <span class='ocrx_word' id='word_1_86' title='bbox 1273 1511 1303 1568; x_wconf 92' lang='lat' dir='ltr'><strong>in</strong></span> 
     </span>
     <span class='ocr_line' id='line_1_11' title="bbox 214 1606 1302 1683; baseline 0.006 -21"><span class='ocrx_word' id='word_1_87' title='bbox 214 1606 343 1664; x_wconf 89' lang='lat' dir='ltr'><strong>tribunali</strong></span> <span class='ocrx_word' id='word_1_88' title='bbox 358 1606 448 1676; x_wconf 87' lang='lat' dir='ltr'><strong>datur,</strong></span> <span class='ocrx_word' id='word_1_89' title='bbox 463 1608 508 1665; x_wconf 92' lang='lat' dir='ltr'><strong>vel</strong></span> <span class='ocrx_word' id='word_1_90' title='bbox 521 1609 621 1666; x_wconf 89' lang='lat' dir='ltr'><strong>saltem</strong></span> <span class='ocrx_word' id='word_1_91' title='bbox 644 1607 749 1683; x_wconf 86' lang='lat' dir='ltr'><strong>praevia</strong></span> <span class='ocrx_word' id='word_1_92' title='bbox 769 1606 959 1664; x_wconf 90' lang='lat' dir='ltr'><strong>confessione.</strong></span> <span class='ocrx_word' id='word_1_93' title='bbox 1001 1606 1056 1666; x_wconf 92' lang='lat' dir='ltr'><strong>lll.</strong></span> <span class='ocrx_word' id='word_1_94' title='bbox 1081 1607 1208 1667; x_wconf 85' lang='lat' dir='ltr'><strong>Sublata</strong></span> <span class='ocrx_word' id='word_1_95' title='bbox 1220 1626 1302 1668; x_wconf 88' lang='lat' dir='ltr'><strong>occa·</strong></span> 
     </span>
     <span class='ocr_line' id='line_1_12' title="bbox 211 1695 1302 1782; baseline 0.005 -21"><span class='ocrx_word' id='word_1_96' title='bbox 211 1695 295 1764; x_wconf 76' lang='lat' dir='ltr'><strong>aione</strong></span> <span class='ocrx_word' id='word_1_97' title='bbox 312 1705 469 1782; x_wconf 82' lang='lat' dir='ltr'><strong>peccandi,</strong></span> <span class='ocrx_word' id='word_1_98' title='bbox 492 1697 600 1764; x_wconf 86' lang='lat' dir='ltr'><strong>scilicet</strong></span> <span class='ocrx_word' id='word_1_99' title='bbox 620 1716 758 1781; x_wconf 90' lang='lat' dir='ltr'><strong>quatenus</strong></span> <span class='ocrx_word' id='word_1_100' title='bbox 782 1706 843 1763; x_wconf 90' lang='lat' dir='ltr'><strong>lieri</strong></span> <span class='ocrx_word' id='word_1_101' title='bbox 861 1708 962 1781; x_wconf 89' lang='lat' dir='ltr'><strong>possit,</strong></span> <span class='ocrx_word' id='word_1_102' title='bbox 980 1706 1027 1765; x_wconf 89' lang='lat' dir='ltr'><strong>vel</strong></span> <span class='ocrx_word' id='word_1_103' title='bbox 1049 1707 1158 1765; x_wconf 91' lang='lat' dir='ltr'><strong>cautela</strong></span> <span class='ocrx_word' id='word_1_104' title='bbox 1176 1706 1302 1766; x_wconf 87' lang='lat' dir='ltr'><strong>adhibita</strong></span> 
     </span>
     <span class='ocr_line' id='line_1_13' title="bbox 213 1801 1303 1884; baseline 0.005 -24"><span class='ocrx_word' id='word_1_105' title='bbox 213 1822 268 1876; x_wconf 90' lang='lat' dir='ltr'><strong>qua</strong></span> <span class='ocrx_word' id='word_1_106' title='bbox 288 1823 323 1862; x_wconf 89' lang='lat' dir='ltr'><strong>ex</strong></span> <span class='ocrx_word' id='word_1_107' title='bbox 345 1806 477 1881; x_wconf 88' lang='lat' dir='ltr'><strong>proxima</strong></span> <span class='ocrx_word' id='word_1_108' title='bbox 497 1805 546 1862; x_wconf 88' lang='lat' dir='ltr'><strong>fiat</strong></span> <span class='ocrx_word' id='word_1_109' title='bbox 565 1815 682 1864; x_wconf 90' lang='lat' dir='ltr'><strong>remota.</strong></span> <span class='ocrx_word' id='word_1_110' title='bbox 724 1803 779 1864; x_wconf 88' lang='lat' dir='ltr'><strong>lV.</strong></span> <span class='ocrx_word' id='word_1_111' title='bbox 802 1801 975 1864; x_wconf 83' lang='lat' dir='ltr'><strong>Dummodo</strong></span> <span class='ocrx_word' id='word_1_112' title='bbox 996 1805 1243 1884; x_wconf 79' lang='lat' dir='ltr'><strong>impedimentum</strong></span> <span class='ocrx_word' id='word_1_113' title='bbox 1262 1807 1303 1865; x_wconf 85' lang='lat' dir='ltr'><strong>eit</strong></span> 
     </span>
     <span class='ocr_line' id='line_1_14' title="bbox 212 1902 1301 1981; baseline 0.003 -21"><span class='ocrx_word' id='word_1_114' title='bbox 212 1902 371 1973; x_wconf 80' lang='lat' dir='ltr'><strong>occultum,</strong></span> <span class='ocrx_word' id='word_1_115' title='bbox 389 1905 488 1981; x_wconf 87' lang='lat' dir='ltr'><strong>paucis</strong></span> <span class='ocrx_word' id='word_1_116' title='bbox 511 1915 620 1973; x_wconf 89' lang='lat' dir='ltr'><strong>notum,</strong></span> <span class='ocrx_word' id='word_1_117' title='bbox 643 1914 672 1962; x_wconf 90' lang='lat' dir='ltr'><strong>et</strong></span> <span class='ocrx_word' id='word_1_118' title='bbox 687 1905 735 1962; x_wconf 85' lang='lat' dir='ltr'><strong>vix</strong></span> <span class='ocrx_word' id='word_1_119' title='bbox 751 1904 786 1961; x_wconf 86' lang='lat' dir='ltr'><strong>ad</strong></span> <span class='ocrx_word' id='word_1_120' title='bbox 808 1905 901 1963; x_wconf 86' lang='lat' dir='ltr'><strong>lorum</strong></span> <span class='ocrx_word' id='word_1_121' title='bbox 923 1913 1071 1962; x_wconf 87' lang='lat' dir='ltr'><strong>externum</strong></span> <span class='ocrx_word' id='word_1_122' title='bbox 1092 1905 1301 1964; x_wconf 90' lang='lat' dir='ltr'><strong>deducendum.</strong></span> 
     </span>
     <span class='ocr_line' id='line_1_15' title="bbox 211 2001 1302 2083; baseline 0.004 -25"><span class='ocrx_word' id='word_1_123' title='bbox 211 2001 249 2060; x_wconf 93' lang='lat' dir='ltr'><strong>V.</strong></span> <span class='ocrx_word' id='word_1_124' title='bbox 272 2002 417 2081; x_wconf 81' lang='lat' dir='ltr'><strong>Iajuacta</strong></span> <span class='ocrx_word' id='word_1_125' title='bbox 431 2003 458 2061; x_wconf 85' lang='lat' dir='ltr'><strong>ei</strong></span> <span class='ocrx_word' id='word_1_126' title='bbox 476 2005 569 2082; x_wconf 83' lang='lat' dir='ltr'><strong>gravi</strong></span> <span class='ocrx_word' id='word_1_127' title='bbox 584 2003 774 2083; x_wconf 76' lang='lat' dir='ltr'><strong>paenitentia,</strong></span> <span class='ocrx_word' id='word_1_128' title='bbox 790 2004 881 2076; x_wconf 88' lang='lat' dir='ltr'><strong>qualis</strong></span> <span class='ocrx_word' id='word_1_129' title='bbox 895 2013 938 2060; x_wconf 91' lang='lat' dir='ltr'><strong>est</strong></span> <span class='ocrx_word' id='word_1_130' title='bbox 958 2023 1009 2079; x_wconf 93' lang='lat' dir='ltr'><strong>per</strong></span> <span class='ocrx_word' id='word_1_131' title='bbox 1021 2022 1073 2060; x_wconf 88' lang='lat' dir='ltr'><strong>sex</strong></span> <span class='ocrx_word' id='word_1_132' title='bbox 1096 2023 1210 2062; x_wconf 88' lang='lat' dir='ltr'><strong>menses</strong></span> <span class='ocrx_word' id='word_1_133' title='bbox 1227 2006 1302 2081; x_wconf 89' lang='lat' dir='ltr'><strong>jeju·</strong></span> 
     </span>
     <span class='ocr_line' id='line_1_16' title="bbox 210 2101 1301 2175; baseline 0.001 -16"><span class='ocrx_word' id='word_1_134' title='bbox 210 2101 289 2159; x_wconf 91' lang='lat' dir='ltr'><strong>nium</strong></span> <span class='ocrx_word' id='word_1_135' title='bbox 304 2103 393 2160; x_wconf 90' lang='lat' dir='ltr'><strong>semel</strong></span> <span class='ocrx_word' id='word_1_136' title='bbox 407 2105 436 2161; x_wconf 93' lang='lat' dir='ltr'><strong>in</strong></span> <span class='ocrx_word' id='word_1_137' title='bbox 457 2103 646 2171; x_wconf 88' lang='lat' dir='ltr'><strong>hebdomada,</strong></span> <span class='ocrx_word' id='word_1_138' title='bbox 661 2112 709 2160; x_wconf 85' lang='lat' dir='ltr'><strong>aut</strong></span> <span class='ocrx_word' id='word_1_139' title='bbox 721 2101 854 2175; x_wconf 80' lang='lat' dir='ltr'><strong>frequens</strong></span> <span class='ocrx_word' id='word_1_140' title='bbox 875 2103 1030 2169; x_wconf 84' lang='lat' dir='ltr'><strong>confessio,</strong></span> <span class='ocrx_word' id='word_1_141' title='bbox 1045 2104 1146 2161; x_wconf 88' lang='lat' dir='ltr'><strong>saltem</strong></span> <span class='ocrx_word' id='word_1_142' title='bbox 1167 2104 1258 2162; x_wconf 90' lang='lat' dir='ltr'><strong>semel</strong></span> <span class='ocrx_word' id='word_1_143' title='bbox 1272 2105 1301 2160; x_wconf 93' lang='lat' dir='ltr'><strong>in</strong></span> 
     </span>
     <span class='ocr_line' id='line_1_17' title="bbox 185 2200 838 2278; baseline -0.006 -16"><span class='ocrx_word' id='word_1_144' title='bbox 185 2256 187 2262; x_wconf 92' lang='lat'>.</span> <span class='ocrx_word' id='word_1_145' title='bbox 211 2218 322 2268; x_wconf 85' lang='lat' dir='ltr'><strong>mense,</strong></span> <span class='ocrx_word' id='word_1_146' title='bbox 337 2203 491 2269; x_wconf 90' lang='lat' dir='ltr'><strong>orationes,</strong></span> <span class='ocrx_word' id='word_1_147' title='bbox 504 2200 589 2261; x_wconf 88' lang='lat' dir='ltr'><strong>lectio</strong></span> <span class='ocrx_word' id='word_1_148' title='bbox 603 2201 768 2278; x_wconf 91' lang='lat' dir='ltr'><strong>spiritualis,</strong></span> <span class='ocrx_word' id='word_1_149' title='bbox 783 2212 838 2259; x_wconf 86' lang='lat' dir='ltr'><strong>etc.</strong></span> 
     </span>
    </p>

    <p class='ocr_par' dir='ltr' id='par_1_4' title="bbox 211 2298 1302 2477">
     <span class='ocr_line' id='line_1_18' title="bbox 251 2298 1302 2376; baseline 0.002 -20"><span class='ocrx_word' id='word_1_150' title='bbox 251 2303 321 2356; x_wconf 79' lang='lat'>224.</span> <span class='ocrx_word' id='word_1_151' title='bbox 345 2298 487 2376; x_wconf 83' lang='lat' dir='ltr'><strong>Oupiebat</strong></span> <span class='ocrx_word' id='word_1_152' title='bbox 500 2302 651 2361; x_wconf 89' lang='lat' dir='ltr'><strong>concilium</strong></span> <span class='ocrx_word' id='word_1_153' title='bbox 666 2299 910 2359; x_wconf 88' lang='lat' dir='ltr'><strong>Tridentinumed</strong></span> <span class='ocrx_word' id='word_1_154' title='bbox 925 2319 1040 2358; x_wconf 90' lang='lat' dir='ltr'><strong>omnem</strong></span> <span class='ocrx_word' id='word_1_155' title='bbox 1051 2302 1117 2359; x_wconf 90' lang='lat' dir='ltr'><strong>mali</strong></span> <span class='ocrx_word' id='word_1_156' title='bbox 1131 2302 1302 2376; x_wconf 83' lang='lat' dir='ltr'><strong>speciem&#39;et</strong></span> 
     </span>
     <span class='ocr_line' id='line_1_19' title="bbox 211 2397 1298 2477; baseline 0.003 -23"><span class='ocrx_word' id='word_1_157' title='bbox 211 2397 403 2458; x_wconf 86' lang='lat' dir='ltr'><strong>calumniandi</strong></span> <span class='ocrx_word' id='word_1_158' title='bbox 416 2401 597 2458; x_wconf 87' lang='lat' dir='ltr'><strong>occasionem</strong></span> <span class='ocrx_word' id='word_1_159' title='bbox 612 2398 806 2467; x_wconf 86' lang='lat' dir='ltr'><strong>auferendam,</strong></span> <span class='ocrx_word' id='word_1_160' title='bbox 821 2399 1047 2474; x_wconf 86' lang='lat' dir='ltr'><strong>dispensationes</strong></span> <span class='ocrx_word' id='word_1_161' title='bbox 1060 2400 1180 2457; x_wconf 89' lang='lat' dir='ltr'><strong>concedi</strong></span> <span class='ocrx_word' id='word_1_162' title='bbox 1194 2401 1298 2477; x_wconf 83' lang='lat' dir='ltr'><strong>gratis:</strong></span> 
     </span>
    </p>
   </div>
   <div class='ocr_carea' id='block_1_3' title="bbox 125 2496 1300 2574">
    <p class='ocr_par' dir='ltr' id='par_1_5' title="bbox 125 2496 1300 2574">
     <span class='ocr_line' id='line_1_20' title="bbox 125 2496 1300 2574; baseline 0.003 -20"><span class='ocrx_word' id='word_1_163' title='bbox 125 2556 127 2560; x_wconf 75' lang='grc'><strong>,</strong></span> <span class='ocrx_word' id='word_1_164' title='bbox 214 2505 233 2532; x_wconf 87' lang='grc'>“</span> <span class='ocrx_word' id='word_1_165' title='bbox 245 2497 279 2554; x_wconf 93' lang='lat' dir='ltr'><strong>ln</strong></span> <span class='ocrx_word' id='word_1_166' title='bbox 300 2497 500 2558; x_wconf 84' lang='lat' dir='ltr'><strong>contrahendis</strong></span> <span class='ocrx_word' id='word_1_167' title='bbox 525 2500 713 2558; x_wconf 88' lang='lat' dir='ltr'><strong>matrimoniis</strong></span> <span class='ocrx_word' id='word_1_168' title='bbox 728 2498 772 2556; x_wconf 91' lang='lat' dir='ltr'><strong>vel</strong></span> <span class='ocrx_word' id='word_1_169' title='bbox 786 2498 863 2557; x_wconf 91' lang='lat' dir='ltr'><strong>nulla</strong></span> <span class='ocrx_word' id='word_1_170' title='bbox 885 2498 1003 2555; x_wconf 92' lang='lat' dir='ltr'><strong>omnino</strong></span> <span class='ocrx_word' id='word_1_171' title='bbox 1017 2496 1097 2555; x_wconf 91' lang='lat' dir='ltr'><strong>detur</strong></span> <span class='ocrx_word' id='word_1_172' title='bbox 1116 2499 1300 2574; x_wconf 86' lang='lat' dir='ltr'><strong>dispensatio,</strong></span> 
     </span>
    </p>
   </div>
   <div class='ocr_carea' id='block_1_4' title="bbox 169 2592 1301 3262">
    <p class='ocr_par' dir='ltr' id='par_1_6' title="bbox 169 2592 1301 3262">
     <span class='ocr_line' id='line_1_21' title="bbox 211 2592 1300 2675; baseline 0.002 -23"><span class='ocrx_word' id='word_1_173' title='bbox 211 2597 258 2654; x_wconf 87' lang='lat' dir='ltr'><strong>vel</strong></span> <span class='ocrx_word' id='word_1_174' title='bbox 281 2615 355 2666; x_wconf 89' lang='lat' dir='ltr'><strong>raro,</strong></span> <span class='ocrx_word' id='word_1_175' title='bbox 377 2597 463 2670; x_wconf 92' lang='lat' dir='ltr'><strong>idque</strong></span> <span class='ocrx_word' id='word_1_176' title='bbox 484 2617 521 2656; x_wconf 88' lang='lat' dir='ltr'><strong>ex</strong></span> <span class='ocrx_word' id='word_1_177' title='bbox 542 2617 627 2656; x_wconf 90' lang='lat' dir='ltr'><strong>eausa</strong></span> <span class='ocrx_word' id='word_1_178' title='bbox 648 2607 677 2655; x_wconf 90' lang='lat' dir='ltr'><strong>et</strong></span> <span class='ocrx_word' id='word_1_179' title='bbox 697 2599 783 2675; x_wconf 85' lang='lat' dir='ltr'><strong>gratis</strong></span> <span class='ocrx_word' id='word_1_180' title='bbox 803 2592 1024 2656; x_wconf 80' lang='lat' dir='ltr'><strong>concedatur.”²</strong></span> <span class='ocrx_word' id='word_1_181' title='bbox 1064 2597 1122 2655; x_wconf 87' lang='lat' dir='ltr'><strong>Sed</strong></span> <span class='ocrx_word' id='word_1_182' title='bbox 1143 2599 1179 2656; x_wconf 91' lang='lat' dir='ltr'><strong>ob</strong></span> <span class='ocrx_word' id='word_1_183' title='bbox 1200 2615 1300 2655; x_wconf 90' lang='lat' dir='ltr'><strong>causas</strong></span> 
     </span>
     <span class='ocr_line' id='line_1_22' title="bbox 212 2696 1300 2773; baseline 0.003 -22"><span class='ocrx_word' id='word_1_184' title='bbox 212 2696 395 2773; x_wconf 83' lang='lat' dir='ltr'><strong>gravissimas</strong></span> <span class='ocrx_word' id='word_1_185' title='bbox 409 2707 437 2755; x_wconf 86' lang='lat' dir='ltr'><strong>et</strong></span> <span class='ocrx_word' id='word_1_186' title='bbox 451 2697 628 2770; x_wconf 81' lang='lat' dir='ltr'><strong>aequissimas</strong></span> <span class='ocrx_word' id='word_1_187' title='bbox 650 2704 758 2755; x_wconf 87' lang='lat' dir='ltr'><strong>retenta</strong></span> <span class='ocrx_word' id='word_1_188' title='bbox 771 2706 815 2754; x_wconf 89' lang='lat' dir='ltr'><strong>est</strong></span> <span class='ocrx_word' id='word_1_189' title='bbox 828 2696 1015 2764; x_wconf 90' lang='lat' dir='ltr'><strong>consuetudo,</strong></span> <span class='ocrx_word' id='word_1_190' title='bbox 1030 2714 1088 2767; x_wconf 89' lang='lat' dir='ltr'><strong>qua</strong></span> <span class='ocrx_word' id='word_1_191' title='bbox 1101 2696 1201 2755; x_wconf 89' lang='lat' dir='ltr'><strong>divites</strong></span> <span class='ocrx_word' id='word_1_192' title='bbox 1216 2697 1300 2755; x_wconf 87' lang='lat' dir='ltr'><strong>aliive</strong></span> 
     </span>
     <span class='ocr_line' id='line_1_23' title="bbox 210 2793 1297 2872; baseline 0.004 -22"><span class='ocrx_word' id='word_1_193' title='bbox 210 2793 348 2854; x_wconf 84' lang='lat' dir='ltr'><strong>solvendo</strong></span> <span class='ocrx_word' id='word_1_194' title='bbox 367 2809 451 2871; x_wconf 86' lang='lat' dir='ltr'><strong>pares</strong></span> <span class='ocrx_word' id='word_1_195' title='bbox 478 2795 622 2867; x_wconf 88' lang='lat' dir='ltr'><strong>quandam</strong></span> <span class='ocrx_word' id='word_1_196' title='bbox 651 2797 802 2872; x_wconf 90' lang='lat' dir='ltr'><strong>pecuniam</strong></span> <span class='ocrx_word' id='word_1_197' title='bbox 823 2796 991 2871; x_wconf 90' lang='lat' dir='ltr'><strong>plerumque</strong></span> <span class='ocrx_word' id='word_1_198' title='bbox 1017 2795 1121 2855; x_wconf 89' lang='lat' dir='ltr'><strong>dabant</strong></span> <span class='ocrx_word' id='word_1_199' title='bbox 1144 2797 1297 2855; x_wconf 82' lang='lat' dir='ltr'><strong>occasione</strong></span> 
     </span>
     <span class='ocr_line' id='line_1_24' title="bbox 211 2890 1301 2970; baseline 0.003 -21"><span class='ocrx_word' id='word_1_200' title='bbox 211 2890 432 2968; x_wconf 86' lang='lat' dir='ltr'><strong>dispensationis</strong></span> <span class='ocrx_word' id='word_1_201' title='bbox 445 2893 586 2970; x_wconf 77' lang='lat' dir='ltr'><strong>petendae,</strong></span> <span class='ocrx_word' id='word_1_202' title='bbox 601 2901 633 2950; x_wconf 92' lang='lat' dir='ltr'><strong>ut</strong></span> <span class='ocrx_word' id='word_1_203' title='bbox 644 2895 682 2951; x_wconf 89' lang='lat' dir='ltr'><strong>ita</strong></span> <span class='ocrx_word' id='word_1_204' title='bbox 702 2895 876 2953; x_wconf 90' lang='lat' dir='ltr'><strong>minueretur</strong></span> <span class='ocrx_word' id='word_1_205' title='bbox 896 2897 1053 2970; x_wconf 88' lang='lat' dir='ltr'><strong>petentium</strong></span> <span class='ocrx_word' id='word_1_206' title='bbox 1067 2914 1214 2964; x_wconf 89' lang='lat' dir='ltr'><strong>numerus,</strong></span> <span class='ocrx_word' id='word_1_207' title='bbox 1229 2904 1258 2953; x_wconf 92' lang='lat' dir='ltr'><strong>et</strong></span> <span class='ocrx_word' id='word_1_208' title='bbox 1271 2903 1301 2953; x_wconf 88' lang='lat' dir='ltr'><strong>ut</strong></span> 
     </span>
     <span class='ocr_line' id='line_1_25' title="bbox 169 2983 1301 3071; baseline 0.005 -24"><span class='ocrx_word' id='word_1_209' title='bbox 169 3009 173 3019; x_wconf 95' lang='lat'>·</span> <span class='ocrx_word' id='word_1_210' title='bbox 211 2989 366 3068; x_wconf 72' lang='lat' dir='ltr'><strong>disciplinae</strong></span> <span class='ocrx_word' id='word_1_211' title='bbox 380 2994 512 3071; x_wconf 89' lang='lat' dir='ltr'><strong>injuriam</strong></span> <span class='ocrx_word' id='word_1_212' title='bbox 522 2983 691 3069; x_wconf 84' lang='lat' dir='ltr'><strong>repararent,</strong></span> <span class='ocrx_word' id='word_1_213' title='bbox 706 2992 892 3067; x_wconf 87' lang='lat' dir='ltr'><strong>eleemosyna</strong></span> <span class='ocrx_word' id='word_1_214' title='bbox 905 2991 969 3048; x_wconf 92' lang='lat' dir='ltr'><strong>data</strong></span> <span class='ocrx_word' id='word_1_215' title='bbox 981 2993 1010 3048; x_wconf 93' lang='lat' dir='ltr'><strong>in</strong></span> <span class='ocrx_word' id='word_1_216' title='bbox 1025 2995 1073 3067; x_wconf 88' lang='lat' dir='ltr'><strong>pia</strong></span> <span class='ocrx_word' id='word_1_217' title='bbox 1087 3013 1174 3069; x_wconf 89' lang='lat' dir='ltr'><strong>opera</strong></span> <span class='ocrx_word' id='word_1_218' title='bbox 1191 2996 1301 3070; x_wconf 90' lang='lat' dir='ltr'><strong>impen-</strong></span> 
     </span>
     <span class='ocr_line' id='line_1_26' title="bbox 211 3089 1298 3167; baseline 0.001 -19"><span class='ocrx_word' id='word_1_219' title='bbox 211 3089 321 3148; x_wconf 88' lang='lat' dir='ltr'><strong>denda:</strong></span> <span class='ocrx_word' id='word_1_220' title='bbox 344 3110 399 3165; x_wconf 90' lang='lat' dir='ltr'><strong>qua</strong></span> <span class='ocrx_word' id='word_1_221' title='bbox 418 3093 528 3150; x_wconf 89' lang='lat' dir='ltr'><strong>ratione</strong></span> <span class='ocrx_word' id='word_1_222' title='bbox 542 3101 570 3149; x_wconf 92' lang='lat' dir='ltr'><strong>et</strong></span> <span class='ocrx_word' id='word_1_223' title='bbox 589 3092 662 3149; x_wconf 79' lang='lat' dir='ltr'><strong>v&#39;otis</strong></span> <span class='ocrx_word' id='word_1_224' title='bbox 676 3101 787 3167; x_wconf 91' lang='lat' dir='ltr'><strong>patrum</strong></span> <span class='ocrx_word' id='word_1_225' title='bbox 807 3089 1040 3147; x_wconf 87' lang='lat' dir='ltr'><strong>Tridentinorurn</strong></span> <span class='ocrx_word' id='word_1_226' title='bbox 1056 3093 1230 3149; x_wconf 81' lang='lat' dir='ltr'><strong>satisfactum</strong></span> <span class='ocrx_word' id='word_1_227' title='bbox 1244 3102 1298 3159; x_wconf 89' lang='lat' dir='ltr'><strong>est,</strong></span> 
     </span>
     <span class='ocr_line' id='line_1_27' title="bbox 211 3184 1300 3262; baseline 0.001 -16"><span class='ocrx_word' id='word_1_228' title='bbox 211 3206 299 3262; x_wconf 89' lang='lat' dir='ltr'><strong>quum</strong></span> <span class='ocrx_word' id='word_1_229' title='bbox 311 3191 339 3247; x_wconf 93' lang='lat' dir='ltr'><strong>in</strong></span> <span class='ocrx_word' id='word_1_230' title='bbox 353 3190 461 3249; x_wconf 90' lang='lat' dir='ltr'><strong>lucrum</strong></span> <span class='ocrx_word' id='word_1_231' title='bbox 472 3188 687 3251; x_wconf 91' lang='lat' dir='ltr'><strong>concedentium</strong></span> <span class='ocrx_word' id='word_1_232' title='bbox 702 3209 760 3248; x_wconf 92' lang='lat' dir='ltr'><strong>non</strong></span> <span class='ocrx_word' id='word_1_233' title='bbox 774 3184 911 3246; x_wconf 81' lang='lat' dir='ltr'><strong>cederet³</strong></span> <span class='ocrx_word' id='word_1_234' title='bbox 952 3186 1181 3259; x_wconf 86' lang='lat' dir='ltr'><strong>Equidemhunc</strong></span> <span class='ocrx_word' id='word_1_235' title='bbox 1192 3208 1300 3247; x_wconf 91' lang='lat' dir='ltr'><strong>morem</strong></span> 
     </span>
    </p>
   </div>
   <div class='ocr_carea' id='block_1_5' title="bbox 106 3287 1299 3367">
    <p class='ocr_par' dir='ltr' id='par_1_7' title="bbox 106 3287 1299 3367">
     <span class='ocr_line' id='line_1_28' title="bbox 106 3287 1299 3367; baseline -0.001 -23"><span class='ocrx_word' id='word_1_236' title='bbox 106 3319 108 3322; x_wconf 95' lang='lat'>·</span> <span class='ocrx_word' id='word_1_237' title='bbox 212 3288 367 3364; x_wconf 86' lang='lat' dir='ltr'><strong>probarunt</strong></span> <span class='ocrx_word' id='word_1_238' title='bbox 378 3291 503 3367; x_wconf 91' lang='lat' dir='ltr'><strong>piissimi</strong></span> <span class='ocrx_word' id='word_1_239' title='bbox 516 3299 544 3347; x_wconf 89' lang='lat' dir='ltr'><strong>et</strong></span> <span class='ocrx_word' id='word_1_240' title='bbox 557 3290 734 3364; x_wconf 86' lang='lat' dir='ltr'><strong>severissimi</strong></span> <span class='ocrx_word' id='word_1_241' title='bbox 745 3288 913 3353; x_wconf 87' lang='lat' dir='ltr'><strong>Pontifices,</strong></span> <span class='ocrx_word' id='word_1_242' title='bbox 925 3287 959 3343; x_wconf 90' lang='lat' dir='ltr'><strong>ab</strong></span> <span class='ocrx_word' id='word_1_243' title='bbox 969 3288 1048 3344; x_wconf 92' lang='lat' dir='ltr'><strong>omni</strong></span> <span class='ocrx_word' id='word_1_244' title='bbox 1063 3287 1195 3362; x_wconf 92' lang='lat' dir='ltr'><strong>cupidine</strong></span> <span class='ocrx_word' id='word_1_245' title='bbox 1205 3287 1299 3345; x_wconf 89' lang='lat' dir='ltr'><strong>alieni.</strong></span> 
     </span>
    </p>
   </div>
   <div class='ocr_carea' id='block_1_6' title="bbox 131 3385 1302 4155">
    <p class='ocr_par' dir='ltr' id='par_1_8' title="bbox 131 3385 1302 4155">
     <span class='ocr_line' id='line_1_29' title="bbox 131 3385 1301 3466; baseline -0.002 -21"><span class='ocrx_word' id='word_1_246' title='bbox 131 3413 135 3418; x_wconf 95' lang='lat'>·</span> <span class='ocrx_word' id='word_1_247' title='bbox 191 3385 283 3466; x_wconf 26' lang='lat' dir='ltr'><strong>&#39;“Et</strong></span> <span class='ocrx_word' id='word_1_248' title='bbox 304 3387 437 3457; x_wconf 91' lang='lat' dir='ltr'><strong>merito,”</strong></span> <span class='ocrx_word' id='word_1_249' title='bbox 464 3390 506 3447; x_wconf 91' lang='lat' dir='ltr'><strong>uti</strong></span> <span class='ocrx_word' id='word_1_250' title='bbox 531 3387 729 3445; x_wconf 88' lang='lat' dir='ltr'><strong>animadvertit</strong></span> <span class='ocrx_word' id='word_1_251' title='bbox 752 3387 783 3443; x_wconf 86' lang='lat' dir='ltr'><strong>S.</strong></span> <span class='ocrx_word' id='word_1_252' title='bbox 808 3386 986 3461; x_wconf 85' lang='lat' dir='ltr'><strong>Alphonsus,</strong></span> <span class='ocrx_word' id='word_1_253' title='bbox 1012 3393 1108 3442; x_wconf 85' lang='lat' dir='ltr'><strong>“curn</strong></span> <span class='ocrx_word' id='word_1_254' title='bbox 1135 3385 1301 3461; x_wconf 87' lang='lat' dir='ltr'><strong>hujusmodi</strong></span> 
     </span>
     <span class='ocr_line' id='line_1_30' title="bbox 211 3473 1300 3568; baseline -0.001 -26"><span class='ocrx_word' id='word_1_255' title='bbox 211 3487 435 3563; x_wconf 88' lang='lat' dir='ltr'><strong>compositiones</strong></span> <span class='ocrx_word' id='word_1_256' title='bbox 451 3487 494 3568; x_wconf 89' lang='lat' dir='ltr'><strong>(ut</strong></span> <span class='ocrx_word' id='word_1_257' title='bbox 512 3487 697 3545; x_wconf 84' lang='lat' dir='ltr'><strong>Innocentius</strong></span> <span class='ocrx_word' id='word_1_258' title='bbox 714 3485 752 3542; x_wconf 91' lang='lat' dir='ltr'><strong>X.</strong></span> <span class='ocrx_word' id='word_1_259' title='bbox 767 3473 914 3562; x_wconf 76' lang='lat' dir='ltr'><strong>pracepit)</strong></span> <span class='ocrx_word' id='word_1_260' title='bbox 929 3502 988 3540; x_wconf 91' lang='lat' dir='ltr'><strong>non</strong></span> <span class='ocrx_word' id='word_1_261' title='bbox 1007 3483 1221 3540; x_wconf 88' lang='lat' dir='ltr'><strong>immisceantur</strong></span> <span class='ocrx_word' id='word_1_262' title='bbox 1234 3501 1300 3542; x_wconf 90' lang='lat' dir='ltr'><strong>cum</strong></span> 
     </span>
     <span class='ocr_line' id='line_1_31' title="bbox 212 3582 1300 3662; baseline -0.003 -19"><span class='ocrx_word' id='word_1_263' title='bbox 212 3584 274 3643; x_wconf 85' lang='lat' dir='ltr'><strong>aliis</strong></span> <span class='ocrx_word' id='word_1_264' title='bbox 289 3588 420 3662; x_wconf 89' lang='lat' dir='ltr'><strong>pecuniis</strong></span> <span class='ocrx_word' id='word_1_265' title='bbox 434 3585 578 3645; x_wconf 85' lang='lat' dir='ltr'><strong>Thesauri</strong></span> <span class='ocrx_word' id='word_1_266' title='bbox 593 3584 762 3651; x_wconf 82' lang='lat' dir='ltr'><strong>Gameralis,</strong></span> <span class='ocrx_word' id='word_1_267' title='bbox 773 3583 822 3640; x_wconf 91' lang='lat' dir='ltr'><strong>sed</strong></span> <span class='ocrx_word' id='word_1_268' title='bbox 834 3583 1049 3641; x_wconf 89' lang='lat' dir='ltr'><strong>reserventurin</strong></span> <span class='ocrx_word' id='word_1_269' title='bbox 1062 3591 1157 3640; x_wconf 88' lang='lat' dir='ltr'><strong>monte</strong></span> <span class='ocrx_word' id='word_1_270' title='bbox 1170 3582 1300 3650; x_wconf 89' lang='lat' dir='ltr'><strong>Pietatis,</strong></span> 
     </span>
     <span class='ocr_line' id='line_1_32' title="bbox 210 3683 1302 3760; baseline -0.002 -18"><span class='ocrx_word' id='word_1_271' title='bbox 210 3692 239 3742; x_wconf 87' lang='lat' dir='ltr'><strong>et</strong></span> <span class='ocrx_word' id='word_1_272' title='bbox 251 3683 318 3743; x_wconf 90' lang='lat' dir='ltr'><strong>inde</strong></span> <span class='ocrx_word' id='word_1_273' title='bbox 331 3705 390 3745; x_wconf 90' lang='lat' dir='ltr'><strong>non</strong></span> <span class='ocrx_word' id='word_1_274' title='bbox 404 3685 597 3753; x_wconf 87' lang='lat' dir='ltr'><strong>extrahantur,</strong></span> <span class='ocrx_word' id='word_1_275' title='bbox 612 3685 668 3742; x_wconf 92' lang='lat' dir='ltr'><strong>nisi</strong></span> <span class='ocrx_word' id='word_1_276' title='bbox 682 3684 716 3741; x_wconf 90' lang='lat' dir='ltr'><strong>de</strong></span> <span class='ocrx_word' id='word_1_277' title='bbox 731 3684 863 3741; x_wconf 90' lang='lat' dir='ltr'><strong>mandato</strong></span> <span class='ocrx_word' id='word_1_278' title='bbox 877 3683 1036 3752; x_wconf 82' lang='lat' dir='ltr'><strong>Pontificio,</strong></span> <span class='ocrx_word' id='word_1_279' title='bbox 1051 3691 1083 3740; x_wconf 92' lang='lat' dir='ltr'><strong>ut</strong></span> <span class='ocrx_word' id='word_1_280' title='bbox 1096 3684 1125 3741; x_wconf 92' lang='lat' dir='ltr'><strong>in</strong></span> <span class='ocrx_word' id='word_1_281' title='bbox 1138 3684 1200 3742; x_wconf 91' lang='lat' dir='ltr'><strong>sola</strong></span> <span class='ocrx_word' id='word_1_282' title='bbox 1213 3701 1302 3760; x_wconf 86' lang='lat' dir='ltr'><strong>opera</strong></span> 
     </span>
     <span class='ocr_line' id='line_1_33' title="bbox 210 3781 1301 3862; baseline -0.002 -22"><span class='ocrx_word' id='word_1_283' title='bbox 210 3784 258 3858; x_wconf 87' lang='lat' dir='ltr'><strong>pia</strong></span> <span class='ocrx_word' id='word_1_284' title='bbox 271 3785 480 3860; x_wconf 88' lang='lat' dir='ltr'><strong>impendantur.</strong></span> <span class='ocrx_word' id='word_1_285' title='bbox 524 3783 600 3843; x_wconf 86' lang='lat' dir='ltr'><strong>Cum</strong></span> <span class='ocrx_word' id='word_1_286' title='bbox 615 3785 700 3862; x_wconf 87' lang='lat' dir='ltr'><strong>igitur</strong></span> <span class='ocrx_word' id='word_1_287' title='bbox 713 3784 776 3842; x_wconf 90' lang='lat' dir='ltr'><strong>talis</strong></span> <span class='ocrx_word' id='word_1_288' title='bbox 800 3785 929 3861; x_wconf 89' lang='lat' dir='ltr'><strong>pecuniae</strong></span> <span class='ocrx_word' id='word_1_289' title='bbox 944 3783 1083 3858; x_wconf 85' lang='lat' dir='ltr'><strong>praestatio</strong></span> <span class='ocrx_word' id='word_1_290' title='bbox 1097 3783 1126 3838; x_wconf 93' lang='lat' dir='ltr'><strong>in</strong></span> <span class='ocrx_word' id='word_1_291' title='bbox 1140 3781 1301 3839; x_wconf 88' lang='lat' dir='ltr'><strong>subsidium</strong></span> 
     </span>
     <span class='ocr_line' id='line_1_34' title="bbox 213 3879 1302 3959; baseline 0 -23"><span class='ocrx_word' id='word_1_292' title='bbox 213 3898 369 3956; x_wconf 87' lang='lat' dir='ltr'><strong>paupemm</strong></span> <span class='ocrx_word' id='word_1_293' title='bbox 385 3892 524 3958; x_wconf 85' lang='lat' dir='ltr'><strong>erogetur,</strong></span> <span class='ocrx_word' id='word_1_294' title='bbox 539 3885 575 3939; x_wconf 95' lang='lat' dir='ltr'><strong>sit</strong></span> <span class='ocrx_word' id='word_1_295' title='bbox 594 3904 678 3941; x_wconf 86' lang='lat' dir='ltr'><strong>causa</strong></span> <span class='ocrx_word' id='word_1_296' title='bbox 693 3885 760 3940; x_wconf 88' lang='lat' dir='ltr'><strong>satis</strong></span> <span class='ocrx_word' id='word_1_297' title='bbox 777 3885 855 3959; x_wconf 82' lang='lat' dir='ltr'><strong>justa</strong></span> <span class='ocrx_word' id='word_1_298' title='bbox 868 3893 899 3939; x_wconf 87' lang='lat' dir='ltr'><strong>ut</strong></span> <span class='ocrx_word' id='word_1_299' title='bbox 912 3883 1046 3938; x_wconf 87' lang='lat' dir='ltr'><strong>Ecclesia</strong></span> <span class='ocrx_word' id='word_1_300' title='bbox 1059 3879 1215 3954; x_wconf 89' lang='lat' dir='ltr'><strong>dispenset,</strong></span> <span class='ocrx_word' id='word_1_301' title='bbox 1229 3879 1302 3936; x_wconf 90' lang='lat' dir='ltr'><strong>siout</strong></span> 
     </span>
     <span class='ocr_line' id='line_1_35' title="bbox 212 3977 1302 4054; baseline -0.002 -18"><span class='ocrx_word' id='word_1_302' title='bbox 212 3977 375 4051; x_wconf 89' lang='lat' dir='ltr'><strong>frequenter</strong></span> <span class='ocrx_word' id='word_1_303' title='bbox 396 3979 478 4036; x_wconf 88' lang='lat' dir='ltr'><strong>solet.</strong></span> <span class='ocrx_word' id='word_1_304' title='bbox 520 3981 585 4036; x_wconf 91' lang='lat' dir='ltr'><strong>Nec</strong></span> <span class='ocrx_word' id='word_1_305' title='bbox 607 3983 696 4038; x_wconf 88' lang='lat' dir='ltr'><strong>officit</strong></span> <span class='ocrx_word' id='word_1_306' title='bbox 718 3980 794 4050; x_wconf 92' lang='lat' dir='ltr'><strong>quod</strong></span> <span class='ocrx_word' id='word_1_307' title='bbox 815 3980 966 4036; x_wconf 89' lang='lat' dir='ltr'><strong>mussitent</strong></span> <span class='ocrx_word' id='word_1_308' title='bbox 990 3977 1126 4042; x_wconf 86' lang='lat' dir='ltr'><strong>haeretici,</strong></span> <span class='ocrx_word' id='word_1_309' title='bbox 1147 3985 1178 4033; x_wconf 87' lang='lat' dir='ltr'><strong>ut</strong></span> <span class='ocrx_word' id='word_1_310' title='bbox 1202 3977 1302 4054; x_wconf 88' lang='lat' dir='ltr'><strong>objicit</strong></span> 
     </span>
     <span class='ocr_line' id='line_1_36' title="bbox 201 4071 1300 4155; baseline 0.003 -23"><span class='ocrx_word' id='word_1_311' title='bbox 201 4077 298 4136; x_wconf 77' lang='lat' dir='ltr'><strong>¹Pater</strong></span> <span class='ocrx_word' id='word_1_312' title='bbox 311 4076 452 4144; x_wconf 70' lang='lat' dir='ltr'><strong>concine,</strong></span> <span class='ocrx_word' id='word_1_313' title='bbox 466 4095 533 4135; x_wconf 87' lang='lat' dir='ltr'><strong>nam</strong></span> <span class='ocrx_word' id='word_1_314' title='bbox 548 4086 674 4155; x_wconf 89' lang='lat' dir='ltr'><strong>patenter</strong></span> <span class='ocrx_word' id='word_1_315' title='bbox 686 4077 792 4152; x_wconf 88' lang='lat' dir='ltr'><strong>injuste</strong></span> <span class='ocrx_word' id='word_1_316' title='bbox 806 4071 1007 4134; x_wconf 81' lang='lat' dir='ltr'><strong>mussitant.”⁴</strong></span> <span class='ocrx_word' id='word_1_317' title='bbox 1048 4075 1161 4132; x_wconf 90' lang='lat' dir='ltr'><strong>Morem</strong></span> <span class='ocrx_word' id='word_1_318' title='bbox 1176 4075 1300 4135; x_wconf 85' lang='lat' dir='ltr'><strong>vindiea-</strong></span> 
     </span>
    </p>
   </div>
   <div class='ocr_carea' id='block_1_7' title="bbox 212 4173 1297 4252">
    <p class='ocr_par' dir='ltr' id='par_1_9' title="bbox 212 4173 1297 4252">
     <span class='ocr_line' id='line_1_37' title="bbox 212 4173 1297 4252; baseline 0.002 -18"><span class='ocrx_word' id='word_1_319' title='bbox 212 4178 253 4235; x_wconf 86' lang='lat' dir='ltr'><strong>vit</strong></span> <span class='ocrx_word' id='word_1_320' title='bbox 273 4178 344 4237; x_wconf 91' lang='lat' dir='ltr'><strong>Pius</strong></span> <span class='ocrx_word' id='word_1_321' title='bbox 366 4176 435 4236; x_wconf 91' lang='lat' dir='ltr'><strong>VII.</strong></span> <span class='ocrx_word' id='word_1_322' title='bbox 460 4177 589 4236; x_wconf 90' lang='lat' dir='ltr'><strong>scribens</strong></span> <span class='ocrx_word' id='word_1_323' title='bbox 610 4176 645 4234; x_wconf 91' lang='lat' dir='ltr'><strong>ad</strong></span> <span class='ocrx_word' id='word_1_324' title='bbox 664 4177 817 4252; x_wconf 89' lang='lat' dir='ltr'><strong>episcopos</strong></span> <span class='ocrx_word' id='word_1_325' title='bbox 840 4174 941 4233; x_wconf 77' lang='lat' dir='ltr'><strong>Gallia</strong></span> <span class='ocrx_word' id='word_1_326' title='bbox 962 4178 1001 4231; x_wconf 79' lang='lat'><strong>28</strong></span> <span class='ocrx_word' id='word_1_327' title='bbox 1023 4173 1178 4242; x_wconf 88' lang='lat' dir='ltr'><strong>Februarii,</strong></span> <span class='ocrx_word' id='word_1_328' title='bbox 1203 4179 1297 4236; x_wconf 82' lang='lat'>1809:</span> 
     </span>
    </p>
   </div>
   <div class='ocr_carea' id='block_1_8' title="bbox 311 4348 1247 4594">
    <p class='ocr_par' dir='ltr' id='par_1_10' title="bbox 311 4348 1247 4594">
     <span class='ocr_line' id='line_1_38' title="bbox 313 4348 1247 4420; baseline -0.007 -16"><span class='ocrx_word' id='word_1_329' title='bbox 313 4355 355 4420; x_wconf 88' lang='lat' dir='ltr'><strong>(l)</strong></span> <span class='ocrx_word' id='word_1_330' title='bbox 374 4352 413 4403; x_wconf 90' lang='lat' dir='ltr'><strong>De</strong></span> <span class='ocrx_word' id='word_1_331' title='bbox 425 4352 485 4404; x_wconf 84' lang='lat' dir='ltr'><strong>Met.</strong></span> <span class='ocrx_word' id='word_1_332' title='bbox 497 4358 513 4402; x_wconf 82' lang='lat' dir='ltr'><strong>t</strong></span> <span class='ocrx_word' id='word_1_333' title='bbox 524 4352 550 4401; x_wconf 87' lang='lat' dir='ltr'><strong>ii.</strong></span> <span class='ocrx_word' id='word_1_334' title='bbox 563 4368 589 4403; x_wconf 85' lang='lat' dir='ltr'><strong>n.</strong></span> <span class='ocrx_word' id='word_1_335' title='bbox 603 4354 675 4400; x_wconf 84' lang='grc'><strong>1116.</strong></span> <span class='ocrx_word' id='word_1_336' title='bbox 779 4353 821 4417; x_wconf 75' lang='lat'><strong>(2)</strong></span> <span class='ocrx_word' id='word_1_337' title='bbox 841 4351 908 4398; x_wconf 82' lang='lat' dir='ltr'><strong>Sese.</strong></span> <span class='ocrx_word' id='word_1_338' title='bbox 917 4349 984 4398; x_wconf 80' lang='lat' dir='ltr'><strong>xxiv.</strong></span> <span class='ocrx_word' id='word_1_339' title='bbox 994 4365 1047 4412; x_wconf 86' lang='lat' dir='ltr'><strong>oep.</strong></span> <span class='ocrx_word' id='word_1_340' title='bbox 1060 4364 1083 4398; x_wconf 88' lang='lat' dir='ltr'><strong>v.</strong></span> <span class='ocrx_word' id='word_1_341' title='bbox 1095 4348 1125 4398; x_wconf 89' lang='lat' dir='ltr'><strong>de</strong></span> <span class='ocrx_word' id='word_1_342' title='bbox 1135 4350 1179 4401; x_wconf 81' lang='lat' dir='ltr'><strong>rei.</strong></span> <span class='ocrx_word' id='word_1_343' title='bbox 1189 4357 1247 4404; x_wconf 75' lang='lat' dir='ltr'><strong>mut</strong></span> 
     </span>
     <span class='ocr_line' id='line_1_39' title="bbox 311 4435 1040 4504; baseline -0.005 -14"><span class='ocrx_word' id='word_1_344' title='bbox 311 4439 353 4504; x_wconf 76' lang='lat'><strong>(3)</strong></span> <span class='ocrx_word' id='word_1_345' title='bbox 373 4437 514 4488; x_wconf 84' lang='lat' dir='ltr'><strong>Pellevicini</strong></span> <span class='ocrx_word' id='word_1_346' title='bbox 525 4438 581 4488; x_wconf 78' lang='lat' dir='ltr'><strong>hist</strong></span> <span class='ocrx_word' id='word_1_347' title='bbox 594 4438 671 4488; x_wconf 77' lang='lat' dir='ltr'><strong>Cone.</strong></span> <span class='ocrx_word' id='word_1_348' title='bbox 684 4436 751 4489; x_wconf 86' lang='lat' dir='ltr'><strong>Trid.</strong></span> <span class='ocrx_word' id='word_1_349' title='bbox 763 4437 779 4486; x_wconf 91' lang='lat' dir='ltr'><strong>l.</strong></span> <span class='ocrx_word' id='word_1_350' title='bbox 790 4435 858 4488; x_wconf 75' lang='lat' dir='ltr'><strong>xxiii.</strong></span> <span class='ocrx_word' id='word_1_351' title='bbox 869 4452 890 4486; x_wconf 83' lang='lat' dir='ltr'><strong>e.</strong></span> <span class='ocrx_word' id='word_1_352' title='bbox 902 4435 951 4485; x_wconf 80' lang='lat' dir='ltr'><strong>viii.</strong></span> <span class='ocrx_word' id='word_1_353' title='bbox 963 4450 988 4484; x_wconf 84' lang='lat' dir='ltr'><strong>n.</strong></span> <span class='ocrx_word' id='word_1_354' title='bbox 1002 4436 1040 4486; x_wconf 89' lang='lat'><strong>11.</strong></span> 
     </span>
     <span class='ocr_line' id='line_1_40' title="bbox 315 4523 572 4594; baseline -0.012 -17"><span class='ocrx_word' id='word_1_355' title='bbox 315 4525 357 4594; x_wconf 78' lang='lat'><strong>(4)</strong></span> <span class='ocrx_word' id='word_1_356' title='bbox 377 4523 407 4574; x_wconf 79' lang='lat' dir='ltr'><strong>L.</strong></span> <span class='ocrx_word' id='word_1_357' title='bbox 418 4525 450 4575; x_wconf 78' lang='lat' dir='ltr'><strong>vs</strong></span> <span class='ocrx_word' id='word_1_358' title='bbox 460 4540 485 4576; x_wconf 76' lang='lat' dir='ltr'><strong>u</strong></span> <span class='ocrx_word' id='word_1_359' title='bbox 500 4525 572 4574; x_wconf 84' lang='lat'>11³0.</span> 
     </span>
    </p>
   </div>
   <div class='ocr_carea' id='block_1_9' title="bbox 0 0 1558 5162">
    <p class='ocr_par' dir='ltr' id='par_1_11' title="bbox 0 0 1558 5162">
     <span class='ocr_line' id='line_1_41' title="bbox 0 0 1558 5162; baseline 0 0"><span class='ocrx_word' id='word_1_360' title='bbox 0 0 1558 5162; x_wconf 95' lang='lat' dir='ltr'><strong> </strong></span> 
     </span>
    </p>
   </div>
  </div>
 </body>
</html>
