3172 5172
253 555 310 614 100
539 551 596 614 DE
618 549 843 615 sncnlsrcn
863 553 1050 616 NATURA.

287 725 337 782 70.
359 719 427 782 lloc
439 721 611 783 sacrificium
624 723 756 801 impetrat
769 739 897 800 persepe
917 723 1035 800 gratiam
1054 723 1239 800 penitentie,
1254 723 1337 803 quip-

251 839 306 900 pe:
329 820 445 900 “hujus
458 821 599 882 oblatIone
618 821 745 900 placante
765 821 911 883 Dominus
933 823 1050 899 patiam
1070 831 1100 880 et
1120 821 1228 884 donum
1248 825 1339 903 poeni·

251 923 345 981 tenue
371 921 545 991 concedens,
571 923 691 984 crimina
722 933 749 982 et
774 932 889 1002 peccata
913 921 998 980 otiam
1024 921 1150 999 ingentia
1174 913 1338 982 dimittit.”¹

250 1021 356 1082 Penas
370 1021 437 1082 vcrd
451 1031 630 1101 peccatorum
644 1023 807 1082 hominibus
816 1023 904 1100 justis
917 1039 971 1097 pro
984 1022 1087 1095 quibus
1097 1022 1225 1092 offertur,
1238 1039 1338 1084 cense-

252 1131 297 1180 tur
309 1105 361 1199 per
372 1141 404 1181 se
418 1123 570 1190 remittere:
585 1122 704 1201 quippe,
718 1122 837 1182 docente
858 1123 891 1182 S.
914 1121 1040 1190 Thoma,
1065 1123 1124 1181 “in
1144 1131 1282 1194 quantum
1295 1126 1341 1180 est

250 1221 431 1290 sacrificium,
458 1221 543 1280 hahet
561 1223 620 1280 vim
646 1217 895 1282 satisfactivam.”²
934 1219 1065 1298 Adauget
1083 1222 1213 1300 gratiam,
1234 1220 1340 1279 auxilia

252 1319 460 1397 suppeditando
493 1321 527 1380 ad
543 1329 633 1380 'actus
666 1321 856 1398 perficiendos
881 1321 984 1394 quibus
1011 1322 1100 1398 gratia
1124 1321 1279 1378 accrescit:
1310 1329 1340 1378 et

250 1419 374 1495 plurima
385 1420 460 1478 bona
473 1420 640 1499 spiritualia,
664 1437 692 1479 et
711 1422 796 1480 etiam
810 1419 986 1498 temporalia,
1008 1429 1147 1493 quatenus
1160 1419 1261 1477 animm
1275 1436 1339 1496 pro-
1394 1486 1398 1493 .

249 1519 474 1595 sint,·'rrnpotrat.
1253 1501 1255 1507 '

290 1623 341 1678 77.
363 1618 409 1678 De
423 1619 524 1679 Missae
538 1621 640 1679 virtuto
654 1619 811 1682 audiendus
826 1626 869 1676 cst
882 1617 914 1675 S.
929 1616 1078 1676 Thomas:
1101 1625 1121 1653 ‘⁶
1131 1619 1161 1675 in
1175 1617 1270 1676 Missa
1283 1615 1341 1676 duo

251 1726 295 1774 cst
307 1719 498 1787 considerare,
518 1719 627 1778 scilicet
639 1720 733 1795 ipsum
748 1726 966 1785 sacramentum,
981 1717 1058 1790 quod
1071 1727 1116 1774 est
1129 1717 1297 1795 principale,
1312 1725 1341 1774 et

253 1817 395 1876 orationes
409 1835 472 1892 quae
485 1820 515 1878 in
528 1819 622 1877 Missa
640 1819 712 1876 fiunt
731 1837 783 1895 pro
797 1819 870 1876 vivis
890 1828 919 1875 et
940 1818 1072 1876 mortuis.
1113 1816 1258 1883 Quantum
1273 1833 1341 1893 ergo

253 1915 289 1974 ad
308 1927 527 1986 sacramentum,
553 1937 612 1977 non
632 1919 727 1976 minus
753 1918 828 1976 valet
853 1917 948 1975 Missa
973 1915 1128 1976 sacerdotis
1154 1917 1233 1984 mali,
1254 1933 1339 1988 quam

251 2016 337 2074 boni:
358 2018 426 2091 quia
444 2017 592 2091 utrobique
614 2016 690 2076 idem
710 2018 860 2076 conficitur
879 2026 1098 2076 sacramentum.
1141 2013 1240 2074 Oratio
1255 2013 1340 2072 etiarn

253 2133 316 2186 qum
329 2116 362 2174 fit
374 2117 404 2175 in
418 2112 521 2184 Missa,
536 2126 631 2194 potest
649 2117 823 2176 considerari
843 2116 1011 2193 dupliciter:
1033 2133 1091 2174 uno
1112 2114 1197 2174 modo
1210 2116 1240 2173 in
1253 2131 1341 2187 quan·

253 2223 312 2271 tum
334 2214 421 2274 habet
440 2215 597 2276 efficaciam
617 2235 655 2276 ex
678 2217 831 2276 devotione
853 2216 1006 2275 sacerdotis
1027 2216 1151 2275 orantis:
1173 2224 1202 2272 et
1221 2215 1263 2272 sic
1282 2230 1341 2271 non

251 2321 296 2370 est
320 2314 451 2384 dubium,
476 2315 553 2389 quod
573 2317 667 2376 Missa
687 2316 812 2376 melioris
833 2316 987 2375 sacerdotis
1006 2315 1097 2394 magis
1117 2324 1161 2373 est
1181 2314 1339 2373 fructuosa:

252 2413 309 2473 alio
328 2415 414 2474 modo
428 2417 458 2475 in
472 2425 609 2488 quantum
631 2417 721 2475 oratio
740 2417 770 2474 in
790 2416 882 2476 Missa
896 2416 1035 2493 profertur
1048 2436 1065 2473 a
1077 2414 1223 2475 sacerdote
1236 2415 1266 2472 in
1279 2431 1342 2489 per·

253 2533 325 2574 sons
350 2517 436 2576 totius
463 2513 614 2584 Ecclesia,
640 2517 722 2595 cujus
745 2509 884 2574 sacerdos
898 2526 941 2574 est
962 2517 1106 2574 mInister:
1129 2513 1205 2588 quod
1226 2511 1342 2586 quidem

254 2616 443 2690 ministerium
458 2615 542 2674 etiam
558 2617 588 2674 in
599 2617 794 2692 peccatoribus
810 2623 920 2673 manet:
943 2615 1017 2672 sicut
1029 2633 1115 2690 supra
1127 2613 1233 2672 dictum
1248 2618 1292 2669 est
1304 2609 1341 2668 de

255 2714 415 2786 ministerio
429 2713 549 2772 Christi.
592 2715 678 2775 Unde
692 2716 776 2774 etiam
791 2723 929 2788 quantum
943 2713 977 2770 ad
991 2712 1046 2770 hoc
1060 2721 1104 2770 est
1116 2712 1270 2778 fructuosa,
1284 2727 1344 2768 non

254 2813 349 2872 solum
362 2814 453 2873 oratio
472 2813 626 2872 sacerdotis
649 2814 806 2892 peccatoris
820 2814 850 2872 in
864 2813 969 2881 Missa,
990 2810 1042 2870 sed
1064 2811 1149 2870 etiam
1163 2827 1264 2871 omnes
1277 2809 1340 2885 ejus

255 2913 406 2981 oratIones,
427 2931 498 2986 quas
522 2914 590 2973 facit
609 2914 639 2973 in
664 2907 864 2974 ecclesiasticis
883 2911 998 2980 officiis,
1020 2912 1175 2984 inquibus
1196 2910 1269 2988 gerit
1280 2925 1343 2986 per·

256 3029 356 3070 sonam
370 3009 526 3080 Ecclesia,
544 3013 612 3071 licet
632 3015 773 3073 orationes
796 3015 860 3092 ejus
882 3013 1000 3090 priratae
1024 3031 1082 3071 non
1103 3013 1160 3069 siat
1179 3011 1341 3075 fructuosus,

254 3112 412 3172 secundum
433 3112 503 3171 illud
517 3113 737 3175 Proverbiorum
750 3113 903 3170 XXVIII:
940 3112 1018 3178 ‘Qui
1032 3110 1156 3169 declinat
1168 3127 1250 3168 aures
1264 3125 1342 3175 suaa,

254 3231 290 3271 ne
305 3212 400 3270 audiat
411 3213 516 3288 legem,
531 3212 620 3270 oratio
633 3213 696 3290 ejus
710 3212 764 3270 erit
775 3199 993 3270 execrabilis.''²

293 3315 343 3369 78.
366 3311 511 3380 Infinitum
524 3329 587 3369 esse
601 3311 725 3369 valorem
739 3311 872 3370 sacrificii
887 3329 939 3387 pro
959 3312 1041 3370 nobis
1055 3329 1072 3368 a
1086 3308 1204 3368 Christo
1217 3309 1247 3368 in
1261 3324 1344 3366 cruce

255 3409 340 3468 oblati
354 3418 479 3468 constat:
499 3410 575 3483 quod
590 3409 667 3469 idem
677 3429 709 3469 ao
719 3410 812 3469 Missa
820 3421 864 3469 est
873 3411 969 3483 quoad
979 3410 1121 3468 victimam
1132 3419 1160 3466 et
1169 3407 1344 3466 sacerdotem

255 3511 448 3586 precipuum:
472 3509 571 3568 “Una
584 3511 660 3568 enim
675 3510 832 3582 eademque
846 3519 889 3566 est
908 3510 1012 3576 hostia,
1027 3508 1102 3565 idem
1123 3525 1200 3564 nunc
1219 3505 1344 3563 offerens

255 3607 432 3666 sacerdotum
443 3609 611 3675 ministerio,
621 3608 671 3681 qui
678 3609 805 3682 seipsum
814 3615 879 3664 tunc
888 3607 917 3665 in
925 3625 1010 3666 cruce
1018 3606 1128 3672 obtulit,
1138 3604 1199 3662 sola
1206 3601 1344 3661 offerendi

255 3705 363 3762 ratione
383 3696 545 3790 diversass'l
585 3705 848 3782 Disputanttamen
868 3706 994 3784 theologi
1015 3712 1107 3761 utrum
1121 3711 1212 3760 cerrus
1230 3700 1346 3774 quidam

255 3801 358 3882 gradus
384 3803 584 3862 satisfactionis
607 3807 636 3865 in
660 3805 782 3884 singulis
805 3805 953 3864 sacrificiis
976 3801 1162 3882 applicandus
1186 3821 1203 3860 a
1226 3800 1344 3859 Christo

256 3903 389 3962 definitio
415 3905 463 3972 sit,
491 3904 537 3963 vel
562 3905 720 3983 redemptio
743 3905 861 3981 copiosa
886 3906 924 3963 sit
948 3902 1128 3981 applicanda,
1152 3902 1232 3961 nullo
1253 3901 1344 3961 limite

255 4005 396 4084 apposito,
406 4015 581 4083 praetercum
593 4005 687 4080 quiex
697 4005 847 4064 hominum
858 4006 1012 4083 capacitate
1025 4003 1104 4062 linita
1114 4004 1211 4061 oritur.
1253 3999 1343 4069 Quid-

256 4105 324 4178 quid
338 4107 385 4174 sit,
400 4123 456 4164 non
470 4106 556 4165 licere
570 4107 624 4165 hac
636 4107 677 4165 uti
691 4107 832 4164 sententia
844 4105 879 4164 ad
893 4106 1014 4183 pecunia
1026 4101 1221 4180 emungendos
1234 4100 1343 4167 fideles,

255 4215 367 4264 constat
387 4224 424 4264 ex
444 4206 563 4265 decretis
590 4206 623 4264 S.
645 4205 885 4284 congregationis
905 4216 934 4265 et
959 4205 1143 4264 summorum
1171 4199 1343 4260 Pontificum

255 4313 356 4380 postea
368 4305 535 4365 referendis.

293 4465 335 4532 (l)
355 4462 432 4512 conc.
444 4464 512 4514 Trid.
524 4465 724 4530 Saesxxnmp.
735 4465 760 4516 ii.
863 4467 900 4526 (2)
919 4463 952 4512 iii.
964 4477 988 4527 p.
1000 4477 1041 4525 qu.
1053 4459 1130 4511 lxxix.
1142 4463 1185 4507 art.
1196 4472 1220 4504 v.
1259 4453 1332 4522 Κεφ.

288 4547 334 4613 ’(3)
354 4545 454 4606 Ibidem,
465 4562 506 4610 qu.
518 4548 604 4600 lxxxii.
616 4554 659 4600 art.
670 4550 702 4598 ri.
720 4547 795 4616 Resp.
864 4549 907 4615 (t)
926 4545 1004 4595 Cone.
1015 4541 1083 4592 Trid.
1095 4541 1159 4590 Sese
1171 4538 1231 4589 xxii.
1243 4555 1264 4589 c.
1275 4538 1300 4589 ii.
