3172 5172
592 508 649 570 DE
671 507 980 570 OONFESSIONE.
1273 515 1327 574 tol

242 677 375 736 trahunt:
397 681 426 734 et
438 675 495 736 hoc
502 677 677 754 probabilius
690 673 783 737 est.”²
824 677 956 736 Attamen
966 673 1104 752 contingit
1115 693 1332 752 nonnumquam

242 784 392 854 peccatum
405 776 542 834 reservari
552 776 588 836 ob
597 778 835 836 circumstantiam
850 784 1060 854 aggravantem,
1072 794 1110 833 v:
1131 795 1168 854 g:
1189 777 1332 839 incestum

129 893 137 904 ·
242 877 336 954 prirno
355 874 462 953 gradu:
486 894 549 950 que
569 895 639 936 sane
659 878 812 936 reservatio
831 876 924 944 valet;
945 893 1004 934 non
1025 875 1101 932 enim
1122 877 1332 938 circumstantia

243 986 411 1045 reservatur,
425 975 477 1034 sed
497 985 646 1053 peceatum
659 996 694 1034 ea
712 976 862 1036 indutum:
884 995 919 1034 eo
939 975 1024 1052 igitur
1036 992 1102 1032 caso
1124 976 1333 1037 circumstantia

243 1074 411 1134 declaranda
423 1075 477 1134 erit
488 1076 515 1133 ei
528 1077 578 1149 qui
598 1078 711 1135 veniam
730 1077 826 1152 largiri
846 1076 947 1152 possit.
990 1074 1103 1141 Quanta
1121 1074 1205 1134 fucrit
1224 1079 1333 1152 peccati

241 1177 358 1235 materia
371 1175 573 1252 oportetetiam
588 1175 729 1246 confiteri,
740 1176 765 1233 si
778 1193 898 1234 censura
910 1175 956 1233 vel
965 1174 1118 1232 reservatio
1127 1192 1190 1233 eam
1204 1185 1330 1253 spectet3

243 1275 288 1334 vel
307 1275 476 1334 confessarii
498 1275 640 1352 judicium
666 1284 814 1352 expetatur
833 1273 869 1332 ad
888 1293 962 1332 onus
982 1293 1020 1332 ex
1039 1272 1143 1332 delicto
1162 1276 1332 1350 proveniens
1365 1315 1368 1320 -

243 1372 448 1434 definiendam.
490 1374 569 1432 Alias
584 1374 752 1450 plerumque
766 1391 884 1432 necesse
900 1393 958 1431 non
972 1382 1025 1440 est,
1041 1374 1126 1450 juxta
1145 1373 1331 1450 plurimorum

243 1475 422 1542 sententiam,
436 1473 674 1533 circumstantiam
687 1475 848 1532 notabiliter
861 1481 1059 1550 aggravantem
1068 1472 1221 1531 declarare.
1242 1475 1332 1547 Equi·

244 1571 310 1631 dem
323 1572 412 1631 videri
425 1583 524 1650 posset
532 1575 626 1632 tutiori
641 1575 787 1632 sententie
801 1571 1009 1641 inherendum,
1023 1589 1059 1629 ne
1074 1575 1244 1632 sacramenti
1255 1574 1333 1633 valor

245 1670 424 1748 periclitetur,
438 1673 619 1732 confessione
639 1673 715 1732 haud
735 1675 843 1750 integre
863 1679 991 1748 peracta:
1013 1670 1065 1728 sed
1084 1671 1279 1731 animadvertit
1298 1674 1330 1732 S.

245 1770 410 1847 Alphcnsus
421 1790 484 1832 eum
493 1773 523 1830 in
536 1772 701 1831 discrimine
711 1772 787 1830 haud
801 1772 879 1849 poni,
891 1773 957 1844 quia
969 1771 1114 1848 integritas
1127 1772 1242 1831 moralis
1256 1773 1331 1832 certo

244 1869 349 1928 sufficit
361 1881 391 1930 ut
404 1872 495 1930 valeat
514 1881 733 1940 sacramentum,
748 1891 811 1945 quae
824 1871 942 1929 habetur
955 1870 1070 1944 quando
1084 1872 1147 1944 quis
1169 1871 1331 1930 confitendo

243 1972 361 2048 exponit
373 1990 408 2029 ea
420 1972 517 2030 omnia
531 1971 565 2030 ad
579 1991 643 2045 quae
654 1971 831 2050 explicanda,
842 1973 924 2047 juxta
938 1972 1120 2047 probatorum
1135 1970 1331 2048 theologorum

244 2073 421 2140 sententiam,
437 2069 513 2130 certb
527 2080 647 2131 tenetur.

282 2173 332 2228 45.
354 2171 458 2228 Utrum
471 2171 595 2229 incestus
616 2191 681 2230 cum
705 2170 917 2246 consanguinea
930 2169 1040 2227 differat
1053 2171 1149 2246 specie
1170 2171 1204 2228 ab
1222 2171 1331 2230 incestu

244 2286 309 2326 cum
322 2268 410 2336 affini,
422 2268 594 2345 disceptatur
602 2270 673 2328 inter
684 2271 843 2347 theologos,
855 2289 975 2342 quornm
984 2269 1033 2341 qui
1046 2279 1160 2346 negant,
1170 2270 1201 2326 S.
1211 2269 1332 2328 Thomae

244 2368 443 2425 testimonium
465 2366 602 2426 affemnt:
627 2370 783 2428 “Persona
803 2369 896 2426 affinis
911 2369 1093 2445 conjungitur
1114 2367 1197 2426 alicui
1218 2382 1333 2445 propter

244 2483 394 2540 personam
408 2467 647 2544 consanguineam
661 2470 851 2546 conjunctam,
865 2449 894 2524 et
906 2467 969 2525 ideo
980 2467 1047 2539 quia
1059 2484 1147 2524 unum
1161 2474 1205 2523 est
1217 2476 1333 2543 propter

244 2565 374 2634 alterum,
395 2564 525 2644 ejusdem
548 2568 664 2626 rationis
685 2567 943 2627 inconvenientiam
969 2567 1037 2624 facit
1056 2566 1285 2642 consanguinitas
1305 2577 1333 2624 et

242 2659 414 2723 affinitas.”²
453 2665 526 2725 Haec
540 2667 694 2742 probabilis
708 2677 753 2726 est
765 2667 914 2734 sententia,
929 2666 999 2726 adeo
1013 2675 1044 2725 ut
1057 2664 1133 2724 haud
1146 2684 1218 2742 opus
1239 2665 1333 2724 videa-

244 2773 287 2822 tur
309 2764 470 2826 confitendo
492 2767 646 2843 explicare,
661 2776 755 2826 utrum
778 2769 843 2842 quis
870 2785 935 2826 cum
958 2766 1182 2844 consanguinea,
1196 2765 1242 2823 vel
1267 2785 1332 2826 cum
1388 2803 1390 2807 ν

243 2863 331 2932 affini,
345 2866 511 2940 peccaverit.
538 2866 740 2944 Excipiendus
750 2875 843 2925 tamen
853 2867 964 2926 videtur
973 2869 1083 2944 primus
1097 2866 1201 2944 gradus
1212 2867 1242 2925 in
1255 2866 1331 2925 linea

242 2971 332 3022 recta:
353 2963 477 3024 incestus
497 2965 606 3024 scilicet
624 2985 690 3024 cum
716 2968 880 3044 parentibus
901 2966 1016 3025 differre
1042 2965 1152 3024 videtur
1176 2965 1272 3043 specie
1298 2966 1332 3023 ab

242 3061 351 3122 incestu
374 3063 447 3124 inter
459 3066 622 3143 privignum
646 3075 675 3124 et
688 3085 851 3134 novercam,
865 3067 911 3124 vel
929 3066 1001 3123 inter
1021 3082 1152 3122 socerum
1168 3073 1197 3121 et
1217 3083 1330 3132 nurum,

243 3165 372 3234 quamvis
392 3166 496 3224 nitatur
509 3164 608 3226 eadem
622 3167 741 3236 ratione,
756 3166 833 3240 quod
847 3174 996 3242 parentum
1019 3164 1208 3238 instarsocer
1232 3171 1260 3220 et
1281 3180 1332 3220 no·

243 3279 325 3326 verca
337 3264 511 3324 habeantur:
527 3265 578 3324 sed
591 3276 698 3324 naturae
712 3267 857 3325 vinculum
872 3274 916 3323 est
929 3265 1045 3324 fortius,

281 3366 330 3422 46.
351 3363 481 3424 Incestus
507 3383 573 3424 curn
599 3365 729 3423 affinibus
752 3375 831 3424 exue
856 3366 979 3442 primurn
1001 3361 1120 3442 gradum
1140 3369 1185 3419 est
1203 3360 1330 3439 ejusdem

244 3463 359 3538 speciei,
375 3463 446 3522 adeo
466 3474 497 3523 ut
518 3484 638 3523 necesse
661 3467 777 3524 nonsit
801 3463 961 3524 confitendo
989 3462 1140 3530 declarare,
1151 3469 1244 3519 utrum
1266 3479 1330 3518 cum

243 3563 413 3622 consobrina
426 3564 511 3641 primi
525 3565 569 3622 vel
584 3565 703 3624 secundi
717 3565 821 3643 gradus
835 3564 1001 3642 peccaverit.

279 3667 329 3723 47.
351 3663 481 3724 Incestus
496 3683 561 3724 cum
576 3667 796 3742 consanguineis
810 3667 903 3742 primo
917 3665 1005 3743 gradu
1017 3664 1046 3722 in
1059 3662 1136 3720 linea
1155 3671 1230 3718 recta
1241 3679 1277 3718 v:
1292 3679 1329 3738 g:

242 3763 329 3838 patris
349 3782 414 3821 curn
429 3763 500 3832 filia,
515 3767 613 3842 speeie
627 3765 722 3824 differt
735 3769 769 3824 ab
784 3767 841 3824 alio
856 3783 1038 3838 quocumque
1056 3764 1086 3820 in
1098 3762 1175 3820 linea
1194 3769 1332 3819 transver-

243 3859 306 3927 sali,
320 3879 406 3933 quum
422 3876 521 3922 natura
534 3865 569 3922 ab
583 3884 618 3923 ec
631 3865 756 3923 maxime
768 3867 933 3924 abhorreat:
955 3876 1050 3923 utrum
1064 3861 1174 3921 differat
1187 3862 1222 3918 ab
1230 3859 1286 3918 alio
1300 3861 1331 3918 in

242 3956 340 4017 eadem
360 3959 446 4032 linea,
468 3983 502 4022 v:
525 3984 563 4042 g:
584 3985 601 4022 a
620 3964 748 4023 secundo
769 3965 867 4042 gradu,
890 3964 1020 4022 avicum
1042 3970 1138 4037 nepte,
1159 3958 1331 4034 disputatur,
1366 3945 1369 3951 ’

241 4070 390 4136 negantem
417 4065 587 4124 sententiam
615 4065 751 4141 probante
780 4066 812 4122 S.
835 4064 996 4139 Alphons'o.
1038 4059 1194 4135 Explicare
1221 4063 1332 4131 oportet

241 4169 333 4219 utrum
347 4171 428 4238 pater
441 4183 507 4223 cum
528 4164 596 4236 filia,
611 4165 656 4222 vel
676 4164 752 4222 filius
773 4181 840 4222 curn
859 4171 949 4220 matre
970 4158 1150 4239 peccaverit;
1165 4172 1254 4226 quum
1275 4153 1330 4212 hoc

240 4256 358 4324 diversae
372 4263 410 4320 sit
420 4264 538 4340 speciei,
549 4273 689 4342 repugnat
702 4264 778 4321 enim
789 4262 953 4321 reverentiae
963 4278 1048 4334 quam
1060 4255 1142 4314 debet
1151 4253 1226 4310 filius
1239 4255 1329 4312 matri.

275 4483 317 4550 (l)
338 4482 368 4533 In
377 4483 410 4534 iv.
420 4483 475 4533 dist.
488 4484 537 4534 xvi.
549 4500 591 4549 qu.
602 4483 635 4533 iii.
647 4490 689 4532 ert.
701 4481 725 4531 ii.
736 4495 777 4546 qu.
788 4497 811 4528 v.
895 4480 937 4546 (2)
958 4483 981 4528 2.
993 4481 1017 4526 2.
1028 4492 1069 4542 qu.
1081 4475 1135 4526 cliv.
1147 4482 1189 4527 art.
1202 4476 1234 4526 ix.
1247 4475 1277 4528 nd
1290 4479 1314 4526 2.
