3172 5172
242 557 298 614 tls
529 552 587 615 DE
608 551 730 614 MODO
752 551 1038 616 CELEBRANDI.

277 725 344 781 123.
366 721 487 782 Veniale
498 722 680 781 estomittere
693 721 808 798 signum
819 722 911 782 crucis
923 739 1010 799 super
1023 741 1137 796 aquam,
1152 722 1325 785 ablutionem

236 819 388 899 digitorum
398 822 428 880 in
440 821 543 890 Missa,
554 840 640 880 unam
650 821 696 880 vel
707 821 820 879 alteram
832 839 945 880 crucem
957 841 1044 899 super
1051 822 1155 892 oblata,
1164 825 1325 884 tunsionem

236 922 371 997 pectoris,
387 929 435 979 aut
447 921 583 980 lotionem
597 937 745 980 manuum.
1303 921 1305 926 ’

278 1023 345 1078 124.
369 1020 532 1079 “'Mutilars
557 1031 650 1080 autem
672 1020 768 1087 verba,
785 1028 833 1078 eut
857 1037 988 1097 syncope
1012 1019 1219 1089 intermediam,
1244 1022 1325 1081 salvo

236 1137 323 1178 ιιιιιιι
337 1128 365 1178 et
377 1119 489 1178 secluso
502 1119 645 1188 scandalo,
660 1137 718 1178 non
731 1128 776 1178 est
784 1118 848 1195 plus
864 1138 949 1192 quam
963 1119 1072 1179 veniale
1081 1111 1126 1176 :⁹⁹¹
1140 1120 1248 1180 nullum
1258 1139 1327 1183 vero

236 1227 384 1296 peccatum
398 1227 450 1286 est,
463 1219 488 1276 si
502 1236 539 1276 ex
552 1217 663 1276 delectu
678 1218 797 1278 naturali
805 1219 957 1296 contingat,
968 1237 1052 1292 quem
1067 1228 1160 1277 tamen
1172 1219 1325 1279 emendare

236 1325 357 1396 oportet.
658 1385 660 1389 .

278 1419 345 1474 125.
367 1415 488 1474 Veniale
508 1425 553 1474 est
573 1425 720 1492 peccatum
742 1434 814 1488 aqua
835 1417 866 1474 in
886 1417 974 1476 calice
994 1416 1170 1493 purificando
1192 1418 1244 1486 uti,
1259 1436 1325 1476 nam

236 1524 255 1552 ‘⁶
265 1533 380 1592 semper
393 1513 526 1574 sacerdos
541 1517 609 1574 vino
622 1514 793 1591 perfundere
806 1514 899 1584 debet,
914 1525 1067 1593 postquam
1082 1525 1170 1575 totum
1186 1517 1327 1594 acceperit

235 1613 424 1672 Eucharistiae
445 1611 703 1673 sacramentum.’'²
742 1613 800 1672 Sed
821 1614 858 1674 ob
878 1616 938 1674 vini
957 1616 1105 1692 penuriam
1125 1614 1154 1674 id
1175 1615 1327 1690 aliquando

234 1713 340 1782 licebit,
355 1714 399 1771 vel
413 1714 496 1772 etiam
511 1713 536 1772 si
550 1712 681 1772 sacerdos
695 1713 849 1774 abstemius
863 1715 912 1773 vix
926 1716 1020 1791 possit
1032 1717 1130 1774 vinum
1144 1715 1251 1774 bibere.
1293 1715 1328 1775 In

235 1811 383 1872 abluendis
409 1811 505 1890 digitis
531 1812 631 1870 viuum
656 1813 740 1871 etiam
768 1822 812 1871 est
837 1812 1040 1882 adhibendum,
1067 1814 1118 1872 sed
1144 1815 1180 1873 ob
1214 1833 1325 1888 aquam

235 1930 349 1971 causam
363 1911 425 1970 sola
438 1931 510 1985 aqua
522 1913 563 1970 uti
577 1912 642 1984 quis
660 1911 770 1988 poterit.

276 2016 343 2070 126.
366 2011 461 2070 Unico
487 2011 589 2070 haustu
614 2009 742 2068 divinum
770 2019 867 2088 potare
893 2013 1062 2089 sanguinem
1089 2020 1212 2087 praestat,
1236 2009 1323 2068 calice

234 2109 327 2168 semel
346 2111 388 2168 ori
409 2109 533 2178 admoto,
555 2119 585 2167 et
603 2127 682 2168 more
701 2108 823 2183 quadam
845 2110 917 2168 fecta
935 2119 966 2169 ut
992 2109 1164 2169 attrahantur
1183 2110 1321 2184 reliquis.

234 2209 352 2267 Monuit
362 2217 454 2266 autem
469 2209 502 2266 S.
523 2209 594 2268 Pius
608 2208 645 2266 V.
661 2218 693 2267 ut
705 2210 803 2266 vinum
824 2207 859 2268 ad
879 2210 1104 2286 purificationem
1124 2218 1231 2269 tantum
1246 2207 1324 2267 adhi-

233 2307 341 2376 beatur,
368 2316 505 2380 quantum
531 2309 561 2367 in
588 2308 812 2376 consecratione,
833 2316 862 2366 et
881 2328 933 2387 per
952 2309 1072 2368 eandem
1089 2318 1198 2386 partem
1225 2309 1322 2369 caliois

232 2406 404 2475 infundatur,
419 2424 476 2479 qua
487 2406 605 2466 haustus
619 2416 663 2465 est
674 2408 799 2484 sanguis.
849 2441 865 2454 ω

275 2511 342 2566 127.
361 2506 465 2565 Partes
479 2506 742 2566 extraordinarias
763 2505 876 2574 Missa,
891 2524 954 2579 quae
968 2507 1078 2566 scilicet
1090 2508 1205 2566 nonnisi
1220 2509 1249 2566 in
1264 2507 1325 2579 qui·

232 2605 352 2664 busdam
366 2605 465 2663 diebus
486 2605 667 2683 adjiciuntur,
681 2606 811 2665 omittere
831 2605 1000 2683 plerumque
1014 2615 1058 2664 est
1077 2606 1206 2664 veniale:
1228 2625 1263 2664 vr
1284 2623 1320 2682 g:

237 2702 354 2771 Gloria,
370 2703 475 2772 Credo,
490 2704 645 2780 specialem
666 2705 878 2773 Praeiationem,
893 2704 1018 2781 speciale
1037 2704 1148 2762 initium
1168 2705 1322 2762 orationis:

234 2801 507 2869 Communieantea,
526 2812 574 2861 aut
594 2803 682 2862 Hauc
701 2804 812 2882 igitur.
854 2804 913 2862 Sed
936 2801 1063 2861 scandali
1082 2804 1128 2863 vel
1141 2811 1322 2880 contemptus

233 2902 341 2960 ratione
361 2909 459 2979 posset
477 2901 540 2960 fieri
555 2903 682 2962 mortale.
729 2901 836 2962 Gloria
856 2921 970 2980 semper
988 2901 1110 2962 dicenda
1123 2913 1167 2961 cst
1180 2903 1209 2961 in
1223 2902 1325 2961 Missis

233 3001 336 3060 votivis
350 3019 402 3078 pro
416 3019 446 3057 re
456 3002 545 3078 gravi,
560 3013 588 3061 et
600 3003 715 3080 publica
726 3021 822 3060 causa.

274 3104 341 3160 128.
363 3101 474 3160 Lauare
494 3096 594 3161 manus
615 3112 678 3162 ante
705 3103 828 3160 Missam
855 3101 977 3175 quisque
998 3101 1050 3160 sub
1075 3101 1180 3162 veniali
1204 3109 1321 3159 tenetur.

233 3201 356 3260 Mortale
370 3202 444 3260 soret
456 3219 519 3260 eam
528 3202 668 3261 celebrare
683 3196 815 3260 manibus
828 3201 910 3260 valde
925 3201 1100 3260 immundis:
1123 3210 1189 3279 post
1201 3199 1322 3260 Missam

234 3317 335 3358 manus
346 3319 404 3358 uon
417 3309 483 3358 sunt
496 3300 656 3360 necessarii
670 3299 807 3361 lavandae.

274 3402 340 3458 129.
363 3398 517 3459 Distractio
536 3400 694 3460 voluntaria
713 3401 870 3478 praesertim
884 3401 914 3458 in
935 3417 1044 3458 canone
1057 3399 1212 3468 recitando,
1227 3408 1256 3458 et
1268 3400 1321 3456 sub

232 3499 453 3558 consecrationis
466 3509 589 3578 tempus,
600 3501 683 3559 facile
694 3510 737 3558 est
746 3518 832 3576 grave
841 3509 987 3576 peccatum
999 3519 1006 3556 ι
1022 3508 1050 3557 et
1057 3509 1189 3576 peccatur
1198 3499 1323 3575 graviter

232 3615 346 3668 quoque
360 3599 398 3655 ita
411 3615 442 3654 se
462 3598 588 3676 gerendo
601 3601 630 3658 in
651 3597 799 3658 tremendo
813 3600 868 3657 hoc
882 3617 1011 3667 munere,
1026 3607 1057 3657 ut
1076 3597 1208 3656 fidelibus
1228 3597 1318 3674 pariat

231 3693 432 3753 offensionem.
548 3765 550 3768 v

274 3795 340 3854 130.
361 3792 474 3852 Addere
488 3793 594 3868 aliquid
608 3796 708 3854 Missae
722 3797 818 3855 animo
832 3815 938 3855 norum
952 3795 1106 3856 inducendi
1115 3797 1211 3865 ritum,
1221 3813 1320 3874 pecca·

232 3903 291 3952 tum
312 3894 430 3952 mortale
450 3903 503 3952 est.
545 3895 604 3962 Qui
624 3903 715 3953 autem
736 3915 774 3953 ex
797 3897 907 3973 pietatis
929 3897 1034 3965 studio,
1061 3895 1137 3954 haud
1160 3895 1320 3956 secundum

228 3994 376 4054 scientiam
390 3993 506 4054 adderet
517 3995 651 4054 collectas
673 4013 711 4052 ex
725 3994 849 4064 Missali‚
863 3996 910 4054 uel
933 3995 1038 4063 Credo,
1059 3997 1105 4054 vel
1131 3993 1320 4076 Symbolum,

231 4095 350 4154 venialis
370 4095 463 4172 culpae
487 4113 551 4154 reus
571 4094 739 4172 plerumque
760 4095 842 4154 soret.
884 4096 943 4162 Qui
968 4095 997 4154 in
1024 4094 1118 4154 Missa
1143 4104 1319 4154 mortuorum

229 4195 360 4254 recitaret
388 4195 506 4264 Gloria,
532 4193 689 4253 mortaliter
714 4203 853 4272 peccaret,
879 4195 937 4254 nisi
962 4195 1111 4253 exanimi
1137 4194 1319 4271 simplicitate

229 4303 422 4363 excusaretur,
437 4306 481 4354 cst
496 4295 572 4354 enim
586 4313 638 4371 per
651 4313 682 4352 se
696 4297 789 4372 gravis
803 4293 986 4353 inordinatio.
1028 4294 1198 4354 Prohibetur
1217 4290 1321 4352 addere

229 4407 336 4466 nomen
350 4392 469 4471 alicujus
483 4395 574 4454 sancti
586 4395 616 4454 in
627 4393 831 4463 Confessionc,
845 4394 892 4453 vel
904 4394 934 4452 in
948 4392 1080 4461 Oenone,
1095 4393 1140 4451 vel
1155 4395 1184 4452 in
1198 4384 1319 4451 Litaniis

265 4546 308 4612 (1)
328 4545 617 4611 &Alcmaeone
766 4553 808 4620 (ι)
828 4546 1286 4616 (ιιιιιιιιμηιιιιωιιιωι.
1334 4514 1336 4518 ’
