3108 5162
561 550 618 610 DE
640 547 934 610 SPONSALIBUS.
1234 556 1291 611 291

202 735 241 776 ex
254 710 374 776 causa:1
388 717 528 790 quamvis,
542 718 567 775 si
580 726 702 794 ponatur
715 718 854 776 terminus
868 713 1065 774 adfiniendam
1080 715 1292 794 obligationem,

206 834 242 875 eo
259 815 367 893 elapso,
382 816 501 875 desinat.

244 919 295 972 23.
315 914 491 975 Fornicatio
501 931 615 994 sponsa
625 922 671 973 est
681 933 768 972 causa
779 914 906 991 legitima
919 913 1064 990 sponsalia
1073 911 1213 983 solvendi,
1227 914 1295 974 licet

207 1013 313 1072 suerint
321 1016 484 1092 juramento
496 1015 616 1083 firmata,
632 1013 721 1086 “qnia
730 1013 760 1071 in
773 1013 822 1073 illo
831 1015 993 1091 juramento
1004 1013 1066 1070 talis
1080 1011 1162 1070 debet
1170 1013 1296 1074 conditio

206 1114 392 1191 subintelligi,
419 1115 444 1172 si
467 1113 600 1172 videlicet
620 1113 669 1171 illa
694 1121 793 1171 contra
820 1112 948 1190 regulam
980 1110 1210 1188 desponsationis
1236 1132 1296 1173 non

207 1209 366 1271 venerit.’'²
400 1213 468 1290 Ipsa
488 1213 639 1271 fornicatio
665 1211 810 1290 injustitiae
836 1212 962 1289 speciem
982 1209 1099 1270 induere
1125 1214 1295 1272 nonnemini

205 1312 267 1370 visa
289 1321 352 1371 est:
374 1312 425 1371 sed
438 1312 467 1370 id
480 1331 537 1372 non
560 1312 705 1388 probatur,
719 1330 786 1368 nam
805 1312 854 1388 jus
877 1311 976 1388 sponsi
997 1328 1056 1369 non
1076 1317 1121 1373 cst
1139 1313 1295 1388 perfeetum

205 1420 269 1469 ante
297 1412 422 1489 nuptias.
455 1411 625 1470 Praecedens
645 1409 797 1474 fornicatio
823 1429 886 1483 quae
903 1411 965 1488 jam
990 1411 1150 1468 innotuerat
1174 1429 1294 1488 sponso,
1400 1446 1404 1452 ι

206 1510 307 1582 nequit
319 1528 382 1568 esse
395 1512 466 1568 ratio
480 1529 531 1568 eur
547 1511 692 1568 solvantur
704 1504 875 1586 sponsalia,³
888 1508 943 1566 nisi
956 1508 1052 1566 forsan
1066 1507 1201 1586 deinceps
1220 1509 1297 1568 fama

207 1607 351 1685 divulgata
363 1610 465 1667 fuerit:
480 1628 564 1667 secus
584 1609 609 1667 si
622 1617 735 1685 postea
748 1609 817 1666 inita
830 1607 982 1666 innotuerit
993 1603 1018 1664 :⁴
1029 1626 1086 1666 non
1107 1611 1184 1666 enim
1198 1627 1296 1668 censes

207 1716 252 1764 tur
265 1708 408 1784 spondere
431 1708 487 1766 nisi
501 1709 563 1785 ejus
585 1710 687 1767 virtute
701 1709 811 1784 integra
824 1706 960 1765 confisus.
994 1706 1077 1765 Licet
1089 1707 1173 1765 etiarn
1188 1706 1296 1784 sponso

206 1805 327 1873 resilire,
341 1809 366 1864 si
380 1825 486 1883 sponsa
500 1807 537 1864 ita
550 1825 581 1864 se
595 1815 675 1884 gerat
690 1803 721 1863 ut
733 1805 846 1864 dubiam
860 1805 943 1863 faciat
955 1805 1040 1864 fidem
1055 1804 1090 1864 de
1105 1807 1168 1883 ejus
1182 1808 1295 1875 virtute,

207 1923 239 1962 se
262 1905 297 1962 ab
323 1905 385 1964 aliis
405 1905 551 1982 impudice
572 1905 648 1983 tangi
670 1906 777 1971 sinens,
801 1905 847 1962 vel
867 1902 938 1962 alias
958 1906 1053 1963 minus
1074 1914 1154 1962 eante
1175 1906 1296 1982 agendo.

208 2003 310 2062 Utrum
331 2015 424 2064 autem
439 1988 524 2062 liceat
536 2023 650 2082 sponsae
664 2005 774 2062 resilire
787 2004 824 2062 ob
837 2003 936 2080 sponsi
950 2002 1165 2063 fornicationem
1179 2003 1298 2078 inquiri·

201 2113 259 2161 tur.
294 2101 494 2163 communiter
507 2104 606 2161 dieunt
619 2121 677 2161 non
690 2103 775 2161 licere
787 2103 823 2160 ob
833 2102 1048 2161 fornicationem
1063 2121 1126 2176 quer
1139 2105 1296 2179 praecessit,
1322 2143 1324 2154 ι

206 2203 263 2260 nisi
277 2203 386 2278 prolem
401 2223 438 2261 ex
452 2202 507 2260 alia
521 2201 660 2270 habuerit,
674 2201 720 2259 vel
740 2202 797 2260 nisi
810 2208 942 2260 noscatur
954 2201 1021 2259 huic
1034 2202 1102 2260 vitio
1123 2200 1243 2272 deditus,
1258 2205 1299 2263 ita

208 2310 239 2358 ut
257 2319 323 2360 cum
345 2301 471 2378 pluribus
498 2301 687 2360 consueverit.
722 2300 808 2367 Quod
828 2301 853 2358 si
879 2308 945 2376 post
964 2301 1110 2376 sponsalia
1131 2301 1296 2369 fornicetur,

208 2398 338 2477 plerique
359 2398 456 2458 dieunt
468 2419 526 2458 non
538 2401 624 2458 licere
637 2399 756 2467 resilire,
771 2418 860 2472 quum
874 2398 973 2474 sponsi
992 2398 1142 2457 fornicatio
1162 2417 1200 2457 ex
1220 2417 1298 2458 eom·

208 2497 449 2558 muni'hominum
463 2499 641 2558 estimatione
654 2516 713 2557 non
736 2498 838 2556 inferat
850 2495 973 2554 dedecus
985 2514 1109 2573 sponsae.
1153 2495 1297 2555 Caeterum

207 2597 234 2656 si
247 2615 312 2656 oum
332 2597 528 2656 meretricibus
549 2606 675 2655 versatus
697 2598 827 2655 morbum
842 2592 907 2654 inde
927 2596 1108 2662 contraxerit,
1123 2595 1176 2653 erit
1197 2595 1296 2670 utique

206 2713 294 2758 eausa
313 2696 467 2756 resiliendi.
510 2697 543 2754 st
563 2709 682 2769 uterque
704 2696 868 2763 fornicetur,
883 2712 991 2770 sponso
1011 2695 1079 2754 licet
1098 2694 1217 2763 resilire,
1237 2713 1297 2754 non

207 2796 274 2854 item
295 2813 420 2872 sponsas,
435 2796 503 2868 quia
520 2797 630 2872 turpior
643 2801 687 2853 est
705 2796 793 2872 hujus
813 2811 900 2867 quarn
921 2794 998 2852 illius
1018 2792 1178 2860 fornicatio,
1191 2802 1221 2851 et
1238 2811 1298 2853 non

207 2893 288 2952 datur
307 2894 414 2959 idcirco
428 2895 539 2972 injuriae
559 2895 765 2970 compensatio.
807 2893 841 2950 Si
860 2893 1015 2968 comperiat
1030 2912 1138 2970 sponsa
1157 2883 1298 2969 sponsum

207 3009 273 3050 esse
286 2992 316 3050 in
337 2992 420 3050 aliam
440 2992 608 3068 proclivem,
622 3000 650 3048 et
662 3010 727 3050 cum
742 3011 777 3049 ea
789 3008 988 3058 consuescere,
1009 2993 1063 3049 erit
1082 3009 1168 3049 eausa
1187 2993 1294 3050 rescin-

209 3089 296 3149 dendi
305 3089 467 3167 sponsalia;
481 3107 535 3147 nee
548 3091 625 3148 enim
638 3088 725 3148 fidem
739 3091 794 3148 sibi
808 3089 975 3147 servandam
990 3097 1084 3163 potest
1095 3107 1219 3165 sperare.

248 3192 298 3247 24.
319 3185 475 3268 Professio
484 3172 661 3246 alterutrius
671 3187 705 3246 in
712 3187 860 3265 religione
872 3185 1037 3266 approbata
1046 3187 1131 3244 solvit
1144 3186 1299 3262 sponsalia,

209 3306 275 3347 nam
290 3305 378 3360 quum
397 3287 480 3346 liceat
493 3287 603 3364 ingredi
622 3286 791 3364 religionem
812 3289 896 3346 etiam
917 3294 983 3362 post
1001 3285 1211 3344 matrimonium
1232 3303 1299 3343 eon·
1353 3362 1356 3366 ¹

210 3395 340 3457 tractum,
355 3405 412 3445 non
426 3398 665 3456 consummatum,
680 3386 862 3465 sponsalibus
875 3383 1040 3462 intelligitur
1053 3383 1179 3442 conditio
1192 3385 1296 3452 inesse,

208 3484 272 3544 nisi
284 3484 445 3566 ingressus
455 3483 551 3566 suero
565 3485 754 3564 religionem.
796 3486 878 3545 Licet
890 3484 998 3543 idcirco
1008 3484 1191 3560 perfectionis
1204 3482 1297 3542 studio

208 3584 285 3643 hunc
297 3586 431 3663 amplecti
452 3593 573 3644 statum:
589 3585 640 3644 scd
654 3587 705 3660 qui
725 3586 881 3663 ingreditur
901 3583 1080 3662 religionem,
1096 3601 1153 3642 non
1165 3584 1300 3642 liberatur

209 3687 399 3760 promissione
412 3685 548 3754 nubendi,
564 3687 620 3744 nisi
636 3688 710 3745 votis
724 3686 838 3744 emissis
850 3704 857 3753 ;
880 3683 1003 3757 ideoque
1016 3685 1042 3742 si
1056 3685 1156 3744 iterum
1172 3680 1298 3762 egredia·
1329 3709 1330 3713 ¹

208 3793 263 3852 tur,
277 3787 417 3844 tenebitur
429 3786 465 3844 ad
477 3785 624 3862 sponsalia
637 3784 792 3861 implenda,
807 3786 833 3844 si
846 3784 915 3843 alter
928 3786 967 3843 ita
980 3785 1058 3844 velit.
1086 3784 1157 3861 Ipso
1168 3785 1300 3860 ingressu

209 3879 322 3939 alterius
336 3884 558 3962 irreligionem,
573 3885 624 3958 qui
643 3892 740 3943 manet
752 3886 782 3943 in
795 3883 900 3943 saecnlo
912 3885 985 3943 liber
1004 3893 1056 3952 est,
1070 3903 1125 3942 nee
1140 3884 1175 3941 ad
1194 3900 1299 3959 expec-

207 3976 326 4037 tandum
338 3979 429 4040 donec
442 3985 616 4060 tyrocinium
628 3985 687 4053 fiat,
697 3993 817 4059 tenetur,
831 3985 901 4042 alter
911 3985 987 4043 enim
997 4001 1049 4042 suo
1055 3982 1297 4061 jurirennntiass'e

210 4077 373 4137 censendus
388 4088 441 4138 est
468 4096 474 4104 ·

248 4181 300 4238 25.
325 4175 452 4238 Ordinis
474 4180 555 4240 socri
574 4180 760 4261 susceptione
777 4181 924 4242 solvantur
944 4177 1100 4256 sponsalia,
1115 4177 1221 4254 quippe
1235 4195 1298 4250 qus

278 4394 322 4460 (l)
342 4391 372 4442 L.
384 4392 443 4442 xvii.
455 4393 486 4446 D.
495 4393 525 4446 de
536 4409 620 4462 epona
819 4398 862 4464 (2)
881 4395 942 4460 Cap.
953 4409 1012 4444 xxv.
1023 4392 1235 4463 dejurejorondo.

278 4477 443 4544 (s)1bidem.
827 4481 871 4548 (4)
889 4480 920 4532 1..
931 4477 1204 4564 nedemonralibur.
