3124 5168
485 535 542 596 DE
564 505 772 596 MlNISTltO
793 533 1002 595 BAPTlSMl.
1249 537 1287 592 ³⁷

201 704 296 773 venia,
310 705 464 781 baptizare,
488 723 577 778 quum
597 723 702 762 munus
723 703 760 761 sit
779 702 907 780 parochi.
949 701 1069 769 Quoties
1089 701 1215 780 baptizat
1227 699 1287 758 dia·

201 808 302 872 conus,
317 822 353 861 ex
366 804 458 872 venia,
470 805 614 864 consuetis
628 804 715 864 utitur
727 803 844 860 ritibus:
866 801 983 869 nonita,
1004 801 1030 860 si
1049 819 1086 860 ex
1105 802 1286 868 necessitate,

203 902 309 975 absque
322 899 481 961 mandato.¹
521 902 579 970 Qui
599 903 765 961 solemniter
785 903 891 974 absque
912 902 1007 969 venia,
1028 902 1115 960 etiam
1135 901 1165 959 in
1185 917 1283 958 neces·

202 1001 293 1070 sitate,
307 1003 442 1078 baptizat,
456 1001 489 1060 fit
502 997 689 1080 irregularis.²

243 1104 288 1158 15.
311 1109 331 1138 ‘⁶
341 1101 523 1179 Baptismum
538 1111 593 1161 tam
607 1101 745 1178 parvulis,
759 1117 844 1174 quam
859 1096 972 1167 adultis,
992 1099 1023 1158 in
1042 1098 1133 1157 sonna
1145 1097 1287 1158 Ecclesiae

201 1217 218 1255 a
230 1217 410 1274 quocumque
421 1202 475 1260 rite
489 1200 635 1270 collatum,
650 1201 787 1277 prolicere
807 1198 843 1257 ad
862 1198 1016 1267 salutsm‚”
1036 1197 1120 1257 docet
1132 1197 1289 1257 concilium

202 1297 393 1358 Lateranense
406 1293 477 1358 Iv.³
516 1301 559 1361 Ita
572 1303 657 1359 ctiam
678 1297 796 1358 traditur
808 1300 839 1356 in
851 1297 965 1356 decreto
985 1316 1038 1375 pro
1050 1298 1202 1356 Armenis:
1225 1305 1244 1332 “
1254 1297 1289 1356 In

201 1416 268 1457 casu
294 1409 388 1458 autern
407 1400 595 1469 necessitatis,
623 1417 681 1457 non
707 1398 800 1456 solum
822 1395 964 1464 sacerdos,
990 1395 1038 1455 vel
1063 1396 1210 1466 diaconus,
1237 1395 1290 1455 sad

200 1499 287 1556 etiarn
299 1497 398 1565 laicus,
413 1499 459 1558 vel
473 1500 586 1568 mulier,
599 1499 668 1557 -imo
685 1497 770 1555 etiam
784 1514 912 1574 paganus
932 1504 960 1553 et
972 1495 1131 1564 haereticus,
1146 1497 1289 1574 baptizare

199 1591 344 1672 potest.'‘⁴
383 1596 417 1655 Id
436 1597 506 1657 olim
530 1599 645 1675 agnovit
664 1583 856 1654 Tertullianus
876 1596 965 1654 laicos
988 1595 1148 1655 sacerdotio
1163 1596 1288 1670 quodam

202 1695 260 1754 frui
274 1695 303 1752 in
316 1694 415 1755 salutis
428 1696 528 1755 alienae
542 1696 721 1756 discrimine:
738 1703 757 1731 “
769 1694 898 1753 Sufficiat
910 1696 1019 1754 scilicet
1029 1696 1059 1755 in
1070 1696 1289 1756 necessitatibus

203 1794 301 1862 utaris,
315 1794 406 1854 sicubi
420 1805 468 1855 aut
485 1796 542 1854 loci
562 1805 608 1854 aut
620 1813 749 1874 personae
769 1794 894 1854 conditio
914 1794 1071 1872 compellit.
1113 1795 1199 1854 'l'unc
1212 1797 1290 1853 enim

203 1893 361 1953 constantia
379 1897 571 1955 succurrentis
589 1896 741 1972 excipitur,
758 1913 824 1952 cum
844 1903 927 1972 urget
946 1893 1157 1954 circumstantia
1179 1893 1305 1970 pericli.

203 1994 296 2051 tantis.
339 1992 481 2059 Quoniam
495 2015 562 2055 reus
576 1997 628 2054 erit
638 1995 743 2072 perditi
763 1993 899 2062 hominis,
914 1994 938 2052 si
953 1992 1145 2070 supersederit
1157 2003 1290 2070 praestare

204 2091 281 2164 quod
299 2093 388 2151 libere
411 2091 553 2171 potuit.’‘⁵
593 2095 732 2154 Praeclare
752 2111 805 2170 pro
827 2111 905 2152 more
929 2092 1085 2170 Angelicus
1107 2090 1207 2152 doctor
1229 2110 1290 2151 rem

203 2192 339 2268 exponit:
361 2199 382 2227 “
392 2192 437 2250 Ad
450 2194 674 2252 misericordiam
695 2195 769 2270 ejus,
791 2193 842 2264 qui
861 2192 920 2250 vult
932 2210 1033 2250 omncs
1047 2192 1181 2253 homines
1195 2192 1290 2251 salvos

203 2290 276 2359 fieri,
301 2291 422 2366 pertinet
439 2299 471 2349 ut
490 2293 522 2350 in
540 2293 588 2348 his
608 2310 670 2364 quae
691 2299 759 2348 sunt
777 2289 812 2346 de
837 2293 1005 2349 necessitate
1025 2291 1133 2361 salutis,
1152 2293 1242 2350 homo
1254 2291 1291 2348 de

203 2389 283 2448 facili
295 2388 456 2448 remedium
469 2389 605 2448 inveniat.
647 2389 724 2447 Inter
743 2387 840 2446 omnia
860 2396 955 2445 autern
971 2399 1147 2447 sacramenta
1159 2390 1292 2447 maxims

203 2488 383 2547 necessitatis
403 2497 450 2546 est
472 2489 640 2566 baptismus,
661 2487 711 2561 qui
736 2495 780 2545 est
804 2487 981 2564 regeneratio
1006 2486 1132 2546 hominis
1151 2487 1181 2546 in
1207 2487 1293 2546 vitam

205 2588 397 2666 spiritualem:
425 2589 492 2662 quia
517 2589 614 2666 pueris
641 2587 722 2646 aliter
746 2587 872 2648 omnino
889 2587 1034 2645 subveniri
1055 2604 1115 2646 non
1136 2595 1239 2665 potest,
1266 2595 1294 2643 et

205 2686 290 2746 adulti
304 2705 361 2746 non
374 2698 497 2765 possunt
510 2690 599 2758 aliter,
613 2706 700 2763 quam
712 2707 766 2765 per
778 2688 950 2765 baptismum
963 2686 1079 2765 plenam
1093 2687 1292 2747 remissionem

205 2787 354 2859 consequi,
374 2799 402 2845 et
415 2797 551 2861 quantum
565 2787 599 2847 ad
613 2789 738 2864 culpam,
759 2796 788 2846 et
806 2795 942 2862 quantum
956 2787 993 2847 sd
1006 2806 1130 2865 poenam.
1173 2787 1214 2846 Et
1225 2785 1292 2847 ideo

201 2894 238 2972 ¹ut
249 2884 337 2944 homo
351 2887 427 2945 circa
439 2887 595 2947 remedium
608 2895 665 2948 tam
679 2888 874 2958 necessarium
884 2885 1026 2946 deiectum
1040 2889 1099 2964 pati
1113 2905 1171 2946 non
1185 2889 1287 2964 possit,
1305 2901 1307 2906 ·

204 2985 365 3044 institutum
379 2995 423 3044 est
440 2996 472 3044 ut
490 2997 518 3046 et
538 2988 654 3046 materia
672 2987 806 3062 baptismi
827 2987 865 3043 sit
884 2986 1055 3052 communis,
1077 2985 1186 3042 scilicet
1207 3003 1291 3057 aqua,

206 3102 300 3157 quaea
318 3084 445 3159 quolibet
464 3085 500 3145 de
521 3085 598 3145 facili
617 3085 713 3144 haberi
728 3092 839 3162 potest:
861 3091 889 3140 et
911 3083 1040 3140 minister
1058 3081 1193 3158 baptismi
1209 3083 1295 3140 ctiam

205 3184 243 3241 sit
261 3185 433 3258 quicumque
453 3204 511 3245 non
538 3193 581 3242 est
600 3185 756 3253 ordinatus,
777 3203 814 3243 ne
840 3189 956 3260 propter
981 3179 1122 3241 defectum
1149 3180 1293 3259 baptismi,

206 3280 292 3342 homo
312 3283 411 3342 salutis
437 3303 497 3342 suae
515 3282 698 3360 dispendium
719 3277 889 3360 patiatur.¹'⁶
928 3282 1084 3341 Mulierem
1103 3281 1294 3359 baptizantem

206 3383 291 3441 etiam
316 3383 461 3443 vindicat:
478 3381 680 3440 “Dicendum
706 3382 783 3455 quod
804 3380 939 3440 Christus
962 3381 1076 3454 estqui
1102 3381 1295 3458 principaliter

206 3481 342 3559 baptizat,
363 3481 521 3542 secundum
545 3481 614 3540 illud
636 3481 721 3540 Joan.
737 3482 761 3540 Ι.
804 3481 917 3558 ‘Super
936 3499 1022 3554 quern
1037 3479 1141 3538 videris
1156 3478 1293 3557 Spiritum

207 3579 436 3651 descendentem,
451 3591 664 3649 emanantem,
685 3580 733 3639 hic
753 3581 865 3655 estqui
884 3579 1030 3658 baptizat’
1072 3579 1187 3639 Dicitur
1200 3591 1295 3640 autern

207 3679 324 3740 coloss.
336 3682 391 3741 III.
406 3679 485 3756 quod
509 3681 555 3739 ‘in
567 3679 686 3739 Christo
700 3700 760 3740 non
780 3689 825 3738 est
842 3681 984 3739 masculus
998 3689 1026 3738 et
1037 3679 1177 3740 immina!
1220 3679 1295 3748 Quia

207 3789 302 3838 tamen
328 3790 430 3859 ‘caput
443 3780 570 3840 mulieris
584 3791 628 3839 est
639 3781 692 3849 vir,
706 3789 735 3838 et
746 3789 831 3857 caput
842 3780 895 3838 viri
908 3788 952 3838 eat
965 3778 1110 3839 Christus’
1138 3777 1183 3860 (ut
1195 3778 1297 3838 dicitur

211 3876 314 3936 1001.
329 3877 382 3959 xi.)
403 3899 461 3940 non
483 3881 569 3946 debet
588 3880 691 3939 mulier
709 3880 864 3958 baptizare,
885 3879 911 3936 si
935 3879 1008 3938 adsit
1027 3880 1110 3957 copia
1130 3879 1202 3936 viri:
1223 3878 1298 3934 sicut

207 3993 262 4036 nec
281 3977 370 4036 laicus
392 3989 529 4056 presente
552 3980 666 4049 clerico,
689 3997 743 4038 nec
767 3979 886 4039 clericus
907 3989 1048 4055 prot-sente
1068 3975 1225 4041 sacerdote,
1249 3974 1299 4047 qui

209 4085 305 4136 umen
318 4085 413 4156 potest
424 4080 564 4158 baptizare
577 4089 717 4159 praesente
732 4079 887 4159 episcopo:
909 4097 945 4138 co
969 4076 1045 4152 quod
1058 4075 1115 4133 hoc
1129 4073 1252 4150 pertinet
1264 4071 1300 4131 ad

246 4335 288 4402 (l)
308 4333 334 4385 S.
346 4333 420 4399 Alph.
432 4333 449 4383 l.
460 4333 492 4386 vi.
503 4349 528 4385 n.
542 4337 598 4384 tto.
768 4331 810 4397 (2)
830 4329 892 4392 Cap.
904 4327 932 4377 si
943 4327 997 4390 quis
1008 4325 1024 4374 i·
1036 4321 1065 4374 de
1080 4322 1146 4376 Olor.
1158 4339 1209 4378 nott
1220 4327 1272 4379 ord.

246 4422 288 4486 (3)
308 4418 370 4483 Cap.
383 4418 516 4471 Firmiter.
771 4417 814 4481 (4)
834 4414 904 4463 Dect.
916 4427 959 4476 pro
971 4409 1092 4460 Armenio.
1207 4454 1210 4459 ,

247 4506 290 4571 (5)
309 4502 429 4568 DaBapt.
769 4500 812 4567 (6)
831 4497 865 4548 iii.
877 4486 901 4563 p.
913 4512 954 4562 qu.
966 4495 1032 4548 lxvii.
1044 4495 1133 4548 artiii.
1167 4495 1242 4565 Hesp.

250 4601 326 4660 Von.
341 4601 458 4660 tlt-5
