3144 5192
479 575 536 636 os
559 575 734 640 casuum
755 559 1098 642 aaseavlrroun
1277 588 1334 644 33

658 1100 800 1161 CAPUT
826 1099 913 1160 VIII.

565 1320 605 1360 DE
625 1317 744 1358 GASUUM
764 1315 1001 1356 RESERVATIONE·

270 1457 350 1536 153.
371 1476 469 1542 Quum
493 1476 600 1554 ligandi
626 1487 655 1536 et
678 1474 819 1535 retinendi
842 1484 966 1552 potestas
992 1476 1159 1551 praesulibus
1185 1477 1325 1538 Ecclesiae

241 1585 392 1652 competat,
407 1588 514 1634 certum
536 1585 579 1634 est
602 1595 650 1634 eos
674 1593 761 1654 posse
782 1574 960 1648 quorundam
974 1583 1154 1650 peccatorum
1169 1578 1329 1654 gravIorum

242 1675 355 1732 veniam
369 1693 423 1732 suo
437 1693 548 1733 servare
567 1675 686 1754 judicio,
707 1684 738 1732 ut
758 1672 941 1731 absolutionis
955 1673 1085 1732 facilitate
1099 1673 1246 1746 diminuta,
1261 1679 1330 1736 vitia

240 1783 432 1831 coerceantur.
465 1772 642 1833 Reservatis
656 1773 717 1832 haec
731 1774 847 1850 probata
859 1782 904 1830 est
916 1771 1039 1830 concilio
1054 1773 1236 1844 Tridentino,
1252 1775 1330 1848 quod

238 1871 345 1929 nullius
360 1874 497 1931 momenti
511 1891 575 1930 esse
594 1873 748 1931 declaravit
767 1872 973 1930 absolutionem
988 1872 1125 1948 prolatam
1139 1894 1155 1932 a
1169 1874 1317 1933 sacerdote

239 1971 288 2042 qui
303 1971 514 2048 jurisdictione,
530 1991 581 2030 seu
596 1973 747 2040 ordinaria,
768 1989 818 2029 seu
840 1971 968 2047 delegata
980 1971 1013 2040 jn
1027 1974 1212 2048 penitentem
1227 1968 1330 2031 caret.l

239 2070 403 2148 Episcopus
418 2070 537 2144 quiIibet
558 2072 588 2131 in
610 2091 662 2130 sua
683 2070 809 2138 dioecesi,
825 2070 872 2127 vel
885 2069 989 2146 praesul
1009 2071 1081 2129 alius
1098 2073 1330 2149 jurisdictionem

239 2187 375 2228 exercens
389 2171 470 2242 quasi
483 2171 689 2247 episcopalem,
705 2185 787 2227 casus
801 2169 857 2228 sibi
869 2187 1014 2227 reservare
1028 2179 1137 2247 potest:
1160 2173 1234 2231 sicut
1248 2173 1325 2231 Pon·

238 2266 308 2326 tifex
321 2269 471 2328 Romanus
491 2288 544 2346 pro
564 2278 621 2329 tota
634 2269 767 2329 Ecclesia
781 2269 900 2327 crimina
913 2269 1043 2340 quaedam
1056 2271 1111 2328 sibi
1123 2290 1266 2331 reservare
1280 2273 1327 2329 ab·

153 2393 156 2398 ·
240 2366 375 2425 solvenda
388 2369 546 2426 consuevit.

197 2461 202 2468 “
281 2469 348 2524 154.
371 2465 537 2525 Reservatio
550 2466 624 2525 facta
636 2468 742 2540 absque
751 2467 830 2544 justa
840 2483 926 2523 causa
939 2467 1023 2533 valet,
1034 2485 1123 2538 quum
1133 2469 1209 2526 enim
1223 2469 1328 2544 praesul

238 2573 375 2640 potestate
389 2567 443 2624 sibi
457 2567 612 2624 commissa
637 2576 738 2635 utatur,
761 2584 814 2624 suo
836 2564 949 2623 arbitrio
971 2563 1102 2624 standum
1123 2576 1181 2624 est:
1204 2575 1328 2628 attamen

236 2663 319 2741 Lugo
332 2675 429 2724 censet
441 2665 527 2743 hujus
550 2666 696 2743 potestatis
717 2666 837 2724 abusum
859 2664 1051 2733 manifestum,
1066 2683 1123 2737 quo
1136 2666 1328 2742 parochorum

234 2781 337 2822 munus
348 2765 386 2823 ita
399 2763 593 2842 impediretur,
609 2774 639 2822 ut
649 2767 777 2824 exerceri
791 2766 839 2822 vix
853 2764 946 2842 possit
958 2765 1125 2840 inpeccatis
1139 2764 1324 2837 dimittendis,

238 2862 346 2921 nullum
360 2883 412 2941 per
425 2882 456 2922 se
469 2882 543 2923 esse.

255 2959 259 2962 ’
280 2965 347 3019 155.
369 2962 473 3020 Utrum
487 2963 644 3040 ignorantia
655 2963 854 3022 reservationis
869 2970 988 3020 excuset
1001 2964 1196 3038 prandentem,
1212 2965 1282 3024 adeo
1295 2975 1327 3024 ut

237 3059 447 3129 aconfessario,
468 3081 526 3121 non
547 3062 669 3120 habente
690 3062 849 3122 facultatem
873 3062 904 3119 in
924 3070 1075 3128 reservata,
1099 3063 1192 3140 possit
1205 3063 1324 3132 absolvi,

237 3161 370 3231 quaeritur
390 3161 462 3218 inter
483 3161 644 3239 theologos,
666 3181 790 3235 quorum
810 3161 938 3238 plerique
960 3158 1109 3229 affirmant,
1134 3161 1226 3233 quoad
1241 3180 1325 3219 casus

235 3257 324 3334 Papae
343 3271 512 3330 reservatos,
534 3279 623 3335 quum
644 3261 721 3320 enim
742 3261 772 3320 hi
795 3259 962 3336 plerumque
975 3257 1098 3317 habeant
1111 3279 1260 3319 censuram
1276 3280 1324 3318 an·
1348 3249 1349 3253 ¹

146 3396 151 3404 ω
234 3375 350 3428 nexam,
365 3379 428 3434 quae
443 3361 476 3419 ab
490 3361 684 3438 ignorantibus
705 3379 768 3418 eam
782 3378 839 3418 non
853 3357 1038 3427 contrahitur,
1059 3359 1225 3418 existimant
1237 3379 1326 3419 reser-

233 3458 377 3518 vationem
390 3460 473 3517 etiam
494 3459 570 3518 haud
589 3460 728 3518 obtinere.
770 3458 943 3517 Reservatur
962 3456 1078 3530 quidem
1104 3458 1191 3535 Papae
1217 3460 1324 3533 absque

233 3576 353 3618 censura
367 3559 507 3618 absolutio
522 3561 729 3638 cujuscumque
742 3556 812 3616 falsi
826 3558 981 3617 incusantis
996 3556 1070 3635 apud
1080 3557 1194 3636 judices
1208 3560 1325 3619 ecclesi·

232 3657 334 3718 asticos
358 3659 418 3717 sive
439 3677 491 3736 per
513 3678 554 3728 se,
576 3659 636 3716 sive
656 3656 832 3735 procurando
855 3669 887 3716 ut
906 3677 957 3734 per
977 3659 1048 3717 alios
1068 3657 1127 3727 fiat,
1149 3658 1324 3719 sacerdotem

232 3755 437 3817 solicitationis.
480 3757 655 3817 Reservatur
668 3759 754 3816 etiam
768 3777 850 3840 casus
865 3760 1003 3835 acceptati
1025 3757 1094 3817 doni
1108 3779 1124 3816 a
1136 3760 1322 3836 regularibus,

234 3857 379 3928 utriusque
399 3874 498 3924 sexus,
523 3859 629 3931 absque
652 3859 697 3916 sui
718 3857 880 3934 Superioris
900 3859 1031 3916 licentia:
1054 3858 1209 3930 quodnisi
1235 3867 1323 3932 totum

234 3953 390 4013 restitutum
405 3955 497 4023 fuerit,
513 3957 538 4014 si
552 3957 645 4016 valeat
657 3957 729 4015 ultra
741 3955 840 4014 decem
854 3967 934 4014 scuta
947 3957 1088 4024 Romana,
1108 3957 1192 4014 venia
1205 3954 1323 4014 concedi

237 4053 352 4125 nequit:
375 4055 399 4112 si
414 4055 508 4111 minus
521 4056 623 4125 valeat,
635 4075 701 4133 pars
721 4055 893 4126 restituenda
912 4063 957 4114 est
969 4052 1141 4121 necessarii,
1159 4055 1242 4130 juxta
1255 4052 1325 4109 arbi·

233 4152 317 4211 trium
332 4152 550 4213 Poenitentiarii.
591 4155 625 4214 ln
640 4156 685 4214 his
699 4155 853 4213 reservatio
868 4153 977 4210 videtur
990 4153 1118 4210 obtinere
1132 4153 1216 4208 etiam
1230 4151 1324 4222 quoad
1354 4231 1355 4234 Ἴ

232 4252 405 4330 ignorantes,
421 4272 510 4326 quum
524 4273 643 4314 censura
662 4254 812 4314 deficiente
826 4251 976 4310 videantur
996 4253 1084 4308 instar
1097 4250 1322 4309 reservatIonum

230 4352 430 4427 plerarumque
445 4356 479 4414 ab
494 4355 636 4432 episeopis
650 4354 796 4412 factarum.
838 4349 1006 4408 Reservati0
1027 4347 1138 4407 videtur
1151 4349 1276 4408 obtinere
1291 4352 1320 4409 in

627 4538 669 4602 (l)
690 4537 753 4584 Sese.
765 4535 814 4585 xiv.
826 4548 880 4598 cap.
892 4533 932 4585 rii.
