3108 5162
386 567 443 628 DE
464 565 782 628 IMPEDIMENTIS
803 565 1078 627 MtTRtMottss.
1218 570 1278 627 335

187 753 225 793 ex
246 735 442 813 theologorum
466 735 614 794 communi
634 735 783 801 sententia,
804 734 1041 811 impedimentum
1060 752 1098 793 ex
1124 733 1276 811 adoptione

186 834 310 910 perfecta
324 844 431 893 tantum
444 836 559 902 oriatur,
574 852 637 908 quae
651 832 727 911 apud
741 852 793 892 nos
807 852 865 892 non
878 833 1005 904 habetur,
1019 834 1091 892 nihil
1104 832 1151 890 hic
1165 835 1275 892 obstare

186 932 297 992 videtur
319 935 385 1007 quin
406 934 448 990 vir
468 932 552 991 ducet
573 931 698 1011 puellam
721 951 806 1006 quam
834 932 900 991 filiae
920 933 985 992 loco
1006 934 1145 992 hactenus
1166 934 1274 992 habuit.

187 1031 357 1109 adoptionis
371 1031 549 1092 conditiones
574 1034 702 1110 singulas
723 1031 828 1090 videsis
849 1033 924 1108 apud
937 1028 1087 1093 Antoine.¹
1127 1025 1199 1100 Quae
1213 1033 1275 1091 fieri

186 1131 289 1191 dicitur
302 1132 377 1209 apud
391 1151 444 1190 nos
459 1133 574 1208 adoptio
587 1141 643 1190 tota
656 1132 763 1208 pendet
775 1149 812 1189 ex
826 1132 940 1191 arbitrio
955 1131 1124 1210 adoptantis.

227 1235 294 1292 146.
316 1231 460 1308 Cognatio
470 1229 642 1312 spiritualis
652 1251 687 1288 ea
700 1231 801 1289 dicitur
811 1249 873 1304 quae
879 1233 944 1309 jure
954 1231 1148 1290 ecclesiastico
1161 1229 1276 1290 inducta

185 1341 228 1388 est
247 1333 381 1407 baptismi
405 1331 449 1388 vcl
471 1330 696 1390 confirmationis
717 1331 835 1388 ratione.
878 1331 1001 1407 Impedit
1014 1351 1049 1390 ne
1065 1331 1274 1389 matrimonium

186 1429 278 1488 valcat
291 1431 363 1488 inter
375 1431 567 1506 baptizantem
587 1438 615 1486 et
634 1431 819 1506 baptizatum,
840 1428 1029 1506 baptizatique
1042 1440 1151 1508 patrem
1164 1440 1192 1488 et
1206 1441 1276 1489 mat·

186 1547 258 1597 rem,
279 1529 326 1587 vel
346 1530 419 1588 inter
438 1539 634 1606 susceptorem
655 1530 817 1587 alterutrum
837 1539 866 1586 et
885 1530 1069 1605 baptizatum,
1083 1529 1275 1606 baptizatique

186 1637 296 1710 patrem
311 1639 338 1686 et
351 1638 488 1686 matrem:
509 1631 578 1687 item
600 1629 672 1685 inter
692 1628 906 1686 confirmantem
930 1637 959 1686 et
978 1629 1186 1695 confirmatum,
1210 1648 1277 1688 con·

186 1727 346 1801 firmatique
359 1738 469 1804 patrem
482 1737 511 1786 et
524 1719 670 1786 matrem.²
710 1727 769 1784 Sed
782 1727 854 1786 nihil
865 1729 956 1785 obstat
966 1747 1001 1786 ne
1012 1739 1192 1805 susceptores
1203 1729 1277 1786 inter

187 1845 219 1884 se
233 1827 407 1886 contrahant.

229 1928 296 1986 147.
319 1927 388 1985 Νοιι
413 1925 587 1985 contrahitur
606 1927 739 2004 cognatio
760 1935 978 2002 aprocuratone,
999 1928 1050 1984 sed
1064 1947 1080 1984 a
1093 1921 1277 1984 mandanter³

186 2023 237 2082 sed
251 2027 275 2083 si
290 2027 354 2098 quis
368 2025 483 2085 alterius
497 2026 612 2084 nomine
627 2026 764 2102 suscipiat
777 2025 914 2085 infantem
928 2026 1034 2098 absque
1048 2025 1192 2092 mandato,
1208 2043 1276 2083 neu·

187 2133 228 2182 ter
242 2143 305 2182 eam
319 2125 487 2184 contrahere
501 2123 629 2182 videtur:
653 2143 713 2185 nou
733 2124 849 2198 quidem
870 2127 928 2192 hic,
954 2143 1041 2199 quum
1064 2143 1123 2183 non
1146 2143 1210 2192 suo,
1225 2123 1278 2181 sed

187 2223 301 2282 alterius
314 2226 430 2284 nomine
444 2235 526 2300 agat3
547 2242 600 2281 nec
621 2223 699 2290 alter,
722 2243 810 2296 quum
831 2225 904 2284 nihil
926 2225 1035 2293 fecerit,
1060 2243 1118 2297 quo
1131 2242 1195 2282 eam
1210 2242 1278 2282 con·

187 2321 295 2380 trahere
310 2325 419 2401 possit:
441 2341 523 2381 secus
547 2324 572 2380 si
593 2323 770 2381 consenserit
792 2323 840 2380 hic
852 2324 882 2382 in
897 2341 1001 2381 munus
1015 2325 1130 2400 patrini,
1145 2323 1278 2396 quamvis

187 2436 246 2480 non
269 2420 460 2502 designaverit
482 2431 711 2499 procuratorem
743 2423 792 2493 qui
812 2422 888 2480 enim
912 2421 1049 2480 infantem
1073 2423 1135 2499 ejus
1159 2423 1278 2479 nomine

186 2521 315 2598 suscipit,
342 2524 420 2580 vices
446 2521 508 2600 ejus
530 2523 612 2600 gerit.
655 2521 823 2596 Suscipiens
852 2539 972 2606 puerum
1000 2539 1086 2593 quem
1109 2529 1188 2596 putat
1212 2539 1276 2578 esse

188 2620 285 2688 alium,
299 2641 356 2680 uon
370 2620 511 2679 contrahit
523 2621 732 2698 cognationem,
748 2637 801 2678 nec
814 2622 890 2680 enim
904 2620 1043 2678 vulteum
1057 2621 1216 2696 suscipere.

229 2723 296 2777 148.
318 2721 440 2780 Indulsit
459 2720 623 2779 Alexander
636 2719 690 2778 ΙΙΙ.
707 2730 738 2777 ιιι
750 2720 803 2787 vir,
823 2722 868 2779 vel
878 2719 994 2787 mulier,
1009 2721 1151 2796 propriam
1167 2720 1278 2796 prolem

188 2838 228 2878 ex
249 2819 406 2896 ignorantia
428 2822 600 2898 suscipiens,
622 2821 739 2877 vetitum
764 2819 874 2878 scilicet
893 2819 1033 2878 Ecclesiae
1054 2799 1198 2897 ignorans,
1221 2837 1279 2878 non

187 2920 366 2976 contraheret
378 2920 578 2994 cognationem
592 2918 777 2994 spiritualem,
800 2936 857 2990 qua
877 2921 911 2978 ab
933 2938 987 2976 usu
1010 2920 1136 2996 conjugii
1157 2919 1278 2996 impedi·

188 3011 310 3074 rentur.⁴
350 3017 399 3074 Ex
409 3019 577 3075 necessitate
589 3017 737 3093 baptizans
751 3016 861 3093 prolem
880 3018 1036 3094 legitimam
1058 3036 1117 3076 non
1139 3018 1280 3075 contrahit

188 3116 402 3192 cognationem
417 3134 499 3174 secus
513 3119 538 3176 si
554 3135 612 3176 non
625 3117 663 3174 sit
675 3117 811 3193 legitima.

231 3217 297 3273 149.
319 3214 411 3273 Extra
423 3215 595 3293 baptismum
605 3215 771 3283 solemnem,
784 3235 834 3289 qur
826 3216 956 3274 scilicet
967 3216 998 3272 tit
1011 3215 1187 3274 caeremoniis
1202 3212 1280 3272 adhi-

187 3315 264 3381 bitis,
288 3315 419 3392 cognatio
442 3333 499 3374 non
521 3315 694 3374 contrahrtur
713 3335 729 3374 a
752 3326 927 3392 susceptore,
950 3334 987 3374 ex
1001 3315 1154 3374 multorum
1168 3314 1278 3372 theolo-

188 3431 290 3491 gorum
304 3415 452 3473 sententia.

230 3516 298 3572 150.
319 3503 427 3588 Siquis
441 3513 542 3572 coierit
554 3531 619 3571 curn
634 3531 667 3571 ea
680 3532 745 3572 cum
760 3533 816 3588 qua
829 3514 969 3591 spirituali
980 3491 1151 3591 cognatione
1162 3513 1279 3589 conjun-

187 3613 271 3690 gitur,
285 3616 404 3682 crimen,
419 3613 493 3672 sicut
505 3622 533 3671 et
545 3615 678 3690 cognatio
688 3614 892 3690 exponendum
908 3598 961 3682 est,
973 3614 1152 3672 uthabeatur
1165 3611 1279 3690 dispen-

188 3714 260 3773 satio
274 3714 310 3772 ad
324 3714 535 3774 matrimonium
548 3705 733 3771 ineundum.⁵

225 3916 267 3981 (1)
286 3915 561 3968 DsMatrimoniocm
536 3935 571 3968 ιιι.
582 3933 623 3982 qu.
635 3917 669 3968 iii.
681 3918 723 3978 §J
716 3933 748 3967 tv.
765 3916 899 3967 NotaaP.
911 3917 1025 3982 Philippo
1037 3917 1066 4010 de
1079 3916 1244 3965 Carboneano.

222 3998 251 4062 (2
254 3999 265 4064 )
285 3997 363 4050 Cone.
375 3999 442 4050 Trid.
455 4002 519 4052 Sess.
529 4002 596 4052 xxiv.
608 4018 659 4066 cup
667 4003 694 4051 ii.

224 4081 253 4146 (³
287 4079 329 4130 Sic
340 4086 400 4130 teste
411 4081 538 4144 Pugnanc,
548 4084 683 4134 resolvitS.
692 4042 772 4148 (long.

223 4082 267 4232 (41
285 4167 314 4216 C.
327 4165 393 4218 δι”
367 4183 406 4217 cer
416 4165 456 4219 uel
466 4167 564 4230 mulier,
576 4169 605 4218 de
617 4176 711 4232 ccgnat.
725 4171 799 4234 spirit.

187 4251 267 4388 cit.(5)
286 4251 351 4302 Vide
361 4253 442 4304 adnot
454 4257 478 4304 5.
491 4255 520 4305 P.
528 4255 636 4321 Philippi
648 4255 678 4306 ds
688 4257 854 4317 Carboneano,
863 4255 928 4320 apud
939 4255 1047 4305 Antoine
1059 4254 1088 4305 de
1100 4254 1160 4304 Mat.
1170 4254 1216 4307 loc.
1226 4271 1280 4320 sup
