3172 5172
530 545 587 607 on
608 544 802 607 urrann
821 544 879 604 ss
899 543 1056 628 sonus„
1281 551 1337 609 rac

250 711 358 773 doloris
379 711 494 787 aliquod
507 710 645 775 indicium
658 712 735 781 darc,
750 711 903 771 absolvitur
916 711 1078 785 aliquando,
1092 712 1222 784 quamvis
1235 717 1330 774 omnis

253 820 332 870 actus
352 811 494 872 sensibilis
514 813 675 890 poenitentis
695 810 788 879 desit;
809 810 860 870 scd
884 813 1094 888 “praesumitur
1111 811 1184 870 velle
1197 819 1226 870 et
1238 822 1334 889 petere

252 910 457 972 absolutionem
477 906 568 990 signis
588 930 654 970 vere
677 909 870 979 sensibilibus,
890 927 995 988 nempe
1015 929 1067 987 per
1088 911 1220 988 suspiria,
1241 921 1336 971 motus

253 1012 391 1086 corporis,
406 1011 506 1069 saltem
518 1029 571 1089 per
590 1011 705 1070 anxiam
724 1010 949 1087 respirationem,
965 1011 1096 1082 quamvis
1110 1008 1242 1069 tunc'ista
1254 1011 1337 1088 signa

254 1109 442 1168 confessarius
462 1129 521 1169 non
546 1111 702 1187 percipiat:
737 1108 884 1167 sufficiunt
906 1109 983 1168 enim
1011 1109 1076 1166 talia
1100 1109 1182 1185 signa
1207 1110 1237 1168 in
1263 1119 1338 1168 tanta

251 1210 430 1276 necessitate,
445 1209 545 1268 saltem
558 1227 596 1267 cx
615 1207 748 1287 prudenti
761 1206 848 1266 dubio
867 1216 1049 1284 presumpta,
1065 1207 1235 1268 addendam
1256 1209 1336 1268 abso·

251 1307 388 1367 lotionem
402 1309 456 1368 sub
468 1299 680 1367 conditionc.'’1
766 1381 767 1388 ἵ

290 1409 319 1464 t.
341 1407 449 1467 Forma
473 1408 643 1466 sacramenti
668 1405 844 1484 poenitsntiae
864 1412 930 1464 sunt
948 1405 1034 1464 rerba
1055 1405 1208 1464 sacerdotis
1234 1407 1337 1480 quibus

252 1505 374 1565 absolvit
383 1508 568 1584 paenitentem
580 1527 597 1564 a
609 1505 734 1584 peccatis
746 1523 753 1561 ε
774 1504 900 1563 scilicet:
923 1504 1016 1582 “Ego
1028 1512 1053 1562 te
1064 1505 1181 1564 absolvo
1190 1509 1337 1583 apcooatis

252 1605 318 1672 tuis,
333 1606 491 1666 innomine
505 1606 609 1673 Patris,
623 1599 742 1672 etFilii,
757 1613 786 1662 et
805 1603 927 1680 Spiritus
948 1602 1078 1661 Sancti?
1120 1604 1269 1675 Praeclare,
1284 1623 1337 1684 pro

251 1718 343 1773 more,
365 1704 397 1762 S.
419 1704 548 1764 Thomas
569 1704 624 1762 ait:
646 1704 731 1763 “hoc
756 1711 963 1762 sacramentum
986 1701 1131 1779 perficitur
1148 1723 1201 1781 per
1220 1723 1253 1763 ea
1273 1723 1336 1778 quae

252 1809 320 1860 sunt
332 1821 368 1861 ex
388 1812 467 1879 parte
487 1803 663 1863 sacerdotis:
685 1801 761 1861 unde
781 1809 902 1879 oportet,
916 1800 993 1874 quod
1006 1818 1040 1858 ea
1053 1820 1116 1875 quae
1130 1812 1196 1862 sunt
1207 1821 1244 1861 ex
1258 1811 1336 1881 parte

251 1901 424 1977 paenitentis,
452 1902 512 1960 sive
538 1904 597 1961 sint
615 1903 711 1976 verba,
733 1901 794 1959 sive
814 1901 871 1958 sint
889 1900 972 1970 facta,
988 1900 1050 1959 sint
1067 1901 1199 1974 quaedam
1222 1904 1338 1961 materia

250 1998 335 2078 hujus
355 2002 539 2060 sacramenti:
561 2020 596 2060 ea
608 1999 676 2060 verb
690 2018 753 2074 quae
767 2008 833 2058 sunt
845 2017 883 2056 ex
895 2009 973 2076 parte
993 1999 1156 2069 sacerdotis,
1171 2019 1202 2058 se
1216 2001 1338 2060 babeant

251 2117 303 2175 per
321 2099 439 2158 modum
461 2100 569 2169 formas,
613 2099 690 2159 Cum
714 2108 807 2159 autern
830 2106 1005 2157 sacramenta
1023 2117 1103 2157 nova
1120 2099 1192 2177 legis
1215 2101 1339 2160 efficiant

253 2197 330 2271 quod
341 2198 474 2276 figurant,
489 2208 600 2276 oportet
618 2198 696 2274 quod
709 2199 805 2258 forma.
820 2197 989 2256 sacramenti
1009 2198 1149 2275 significet
1168 2199 1198 2258 id
1218 2200 1295 2274 quod
1307 2201 1338 2261 in

250 2307 426 2357 sacramento
435 2299 534 2374 agitur,
543 2297 790 2376 proportionaliter
799 2298 923 2356 materie
933 2299 1113 2356 sacramenti.
1148 2299 1335 2360 Undet'orma

251 2395 385 2472 baptismi
395 2405 454 2454 est:
478 2395 568 2475 ‘Ego
581 2402 608 2455 tc
621 2396 771 2476 baptizor
792 2407 821 2454 et
833 2396 925 2455 forma
938 2395 1161 2454 confirmationis
1172 2407 1225 2466 est,
1240 2406 1248 2434 ‘
1262 2397 1337 2458 Con·

251 2493 343 2572 signo
363 2501 391 2553 tc
404 2479 495 2574 signo
516 2495 624 2566 arusie,
639 2502 667 2555 et
679 2495 823 2576 confirmo
837 2501 864 2554 tc
879 2493 1040 2554 chrismate
1059 2492 1190 2563 sallitis?
1205 2515 1240 2555 eo
1260 2497 1336 2568 quod

250 2593 418 2671 hujusmodi
438 2578 613 2654 sacramenta
626 2596 812 2674 perficiuntur
824 2595 855 2654 in
867 2612 922 2654 usu
935 2594 1069 2653 materis.
1111 2594 1146 2652 In
1159 2605 1336 2658 sacramento

253 2701 346 2752 autem
366 2694 564 2764 Eucharistiae,
583 2677 660 2768 quod
680 2695 813 2754 consistit
832 2694 861 2752 in
883 2695 947 2772 ipsa
967 2695 1179 2754 consecratione
1203 2697 1336 2764 materiae,

249 2793 417 2869 exprimitur
442 2793 545 2853 veritas
573 2795 807 2864 consecrationis,
829 2813 896 2852 cum
923 2793 1042 2852 dicitur:
1078 2792 1142 2853 Hoc
1164 2802 1208 2854 est
1229 2814 1335 2875 corpus

249 2909 359 2952 meum.
402 2892 468 2952 Hoc
481 2902 575 2952 autem
590 2900 807 2962 sacramentum,
822 2893 932 2951 scilicet
943 2893 1127 2969 poenitentiae,
1136 2913 1193 2954 non
1207 2897 1337 2954 consistit

152 2983 156 2991 ’
249 2991 279 3048 in
305 2993 517 3052 consecratione
543 2991 664 3071 alicujus
690 2993 823 3060 materiae,
850 3009 906 3050 nec
931 2991 962 3048 in
987 3008 1040 3049 usu
1067 2991 1188 3069 alicujus
1210 2996 1335 3053 materiae

251 3090 440 3159 sanctificata,
462 3089 514 3150 sed
539 3093 631 3170 magis
656 3091 687 3150 in
712 3091 870 3150 remotione
895 3088 1044 3166 cujusdam
1070 3092 1205 3158 materiae,
1227 3092 1338 3150 scilicet

249 3190 377 3264 peccati:
403 3201 488 3266 prout
512 3201 629 3267 peccata
654 3189 785 3250 dicuntur
804 3207 869 3248 esse
895 3188 1011 3248 materia
1033 3189 1222 3264 poenitentiae:
1250 3198 1280 3247 ut
1299 3209 1336 3248 ex

251 3304 337 3363 supra
357 3287 439 3346 dictis
460 3298 546 3368 patet.
568 3299 569 3302 ’
588 3289 671 3348 Talis
689 3297 782 3348 autem
803 3289 924 3348 remotio
946 3285 1120 3363 significatur
1143 3308 1159 3346 a
1179 3288 1334 3358 sacerdote,
1417 3321 1421 3330 .

249 3405 313 3444 eum
328 3386 447 3446 dicitur:
469 3388 543 3467 Ego
557 3393 586 3446 te
599 3386 743 3459 absolv03
764 3406 831 3446 nam
844 3395 961 3465 peccata
980 3395 1047 3445 sunt
1067 3388 1198 3460 quadam
1211 3389 1334 3458 vincula,

249 3487 406 3547 secundum
420 3487 491 3547 illud
504 3481 722 3548 Proverbiorum
736 3487 775 3545 V.
797 3486 981 3559 ‘Iniquitates
995 3505 1054 3544 suae
1068 3489 1183 3564 capiunt
1201 3487 1334 3564 impium,

247 3593 275 3643 et
286 3585 403 3646 funibus
423 3597 605 3665 peecatorum
618 3605 734 3647 suorum
749 3585 869 3660 quisque
883 3585 1105 3664 constringitur!
1148 3585 1233 3646 Unde
1247 3587 1333 3663 patet,

246 3686 323 3756 quod
344 3686 407 3746 haec
427 3697 471 3746 cst
487 3687 757 3746 convenientissima
778 3685 869 3745 forma
890 3684 976 3764 hujus
999 3688 1186 3746 sacramenti:
1213 3685 1286 3767 Ego
1307 3696 1335 3749 te

190 3797 192 3804 ·
247 3778 439 3844 absolvam·

288 3887 317 3941 5.
339 3883 424 3951 Quod
437 3893 531 3945 autem
544 3877 738 3945 auctoritatem
748 3883 874 3944 diuinam
887 3883 940 3943 sibi
954 3883 1086 3944 sacerdos
1096 3904 1231 3965 usurpare
1242 3885 1335 3944 videa·

249 3988 302 4048 tur,
329 4001 346 4040 a
371 3985 494 4060 pcccatis
517 3984 701 4054 absolvendo,
729 3985 855 4062 explicat
879 3983 1035 4062 Angelious
1059 3983 1185 4042 Doctor:
1217 3984 1334 4042 “Solus

247 4077 328 4140 Deus
341 4100 394 4160 per
406 4072 618 4154 auctoritatem,¹
633 4093 662 4143 et
680 4105 697 4142 a
715 4093 832 4161 peccato
853 4082 988 4151 absolvit,
997 4091 1026 4139 et
1037 4091 1186 4158 peccatum
1199 4082 1332 4140 remittit:

246 4182 406 4242 sacerdotes
428 4193 524 4245 tamen
545 4194 695 4258 utrumque
719 4182 826 4242 faciunt
844 4199 897 4258 per
916 4181 1121 4240 ministerium:
1143 4181 1173 4238 in
1198 4189 1335 4252 quantum

245 4281 355 4368 scilicet
369 4283 456 4342 verba
469 4283 625 4344 sacerdotis
638 4283 667 4342 in
681 4283 736 4342 hoc
755 4288 934 4340 sacramento
953 4279 1203 4339 instrumentaliter
1215 4299 1334 4357 operan-

283 4489 325 4556 (1)
345 4489 372 4542 s.
384 4489 460 4555 nnn.
471 4491 488 4541 1.
499 4491 532 4542 n.
542 4507 569 4542 n.
579 4492 638 4540 rsa.
804 4488 846 4554 (2)
865 4484 1191 4551 fitnaulmiusrtiii·
1225 4489 1300 4560 Ren·
