3124 5168
255 558 274 612 4
541 551 599 612 DE
621 549 814 612 MATERIA
833 549 891 610 ET
911 549 1069 610 FORMA.

254 721 280 779 si
292 719 388 779 animo
400 718 533 780 heretico
545 718 632 779 vellet
644 718 806 796 significare
818 736 886 792 eum
899 717 1028 778 doctrina
1040 726 1159 785 tantum,
1171 734 1230 776 non
1243 726 1346 785 morte,

252 819 336 880 nobis
349 819 501 898 profuisse.
536 819 601 878 “Si
614 817 773 885 intendat,”
787 818 879 892 inquit
890 817 922 876 S.
934 817 1075 886 Thomas,
1091 823 1111 853 “
1120 835 1172 893 per
1180 816 1348 894 hujusmodi
1404 824 1408 829 '

254 918 427 978 additionem
440 919 487 978 vel
500 918 720 978 diminutionem
733 917 819 976 alium
833 919 917 976 ritum
936 916 1082 985 inducere,
1103 917 1153 991 qui
1175 935 1233 976 uon
1252 917 1290 975 sit
1309 917 1346 974 ab

255 1018 389 1078 Ecclesia
401 1027 544 1096 receptus,
558 1037 617 1079 non
630 1017 741 1076 videtur
753 1016 852 1093 perfici
865 1027 1095 1078 sacramentum:
1116 1016 1253 1089 quianon
1266 1014 1348 1074 ride·

256 1127 311 1187 tur,
326 1117 402 1196 quod
415 1117 541 1176 intendat
553 1119 645 1178 sacere
666 1117 695 1175 id
709 1113 786 1190 quod
799 1115 865 1174 13311
884 1109 1067 1175 Ecclesia.”1
1106 1115 1277 1191 Interruptio
1297 1113 1348 1196 311-

253 1217 368 1294 quando
376 1216 526 1275 verborum
539 1235 656 1276 sensum
670 1216 753 1283 tollit,
763 1215 877 1289 quando
890 1214 999 1272 sedicet
1010 1213 1181 1292 prudentum
1194 1214 1346 1273 bominum

250 1316 361 1396 judicio
373 1333 431 1374 333
446 1325 597 1376 censentur
610 1316 770 1394 conjuncta,
784 1315 826 1373 uti
840 1315 865 1373 si
879 1314 943 1388 quis
957 1314 1130 1372 ablutionem
1150 1312 1258 1372 iaciens
1271 1311 1348 1371 dice·

252 1425 314 1474 ret:
334 1415 469 1493 ‘baptizo
483 1423 510 1474 te
522 1416 540 1484 ;'
555 1425 584 1476 31
597 1417 669 1474 13331
681 1415 805 1492 longiori
825 1412 977 1492 impeditus
998 1414 1114 1472 nonnisi
1132 1420 1199 1490 post
1218 1412 1346 1472 medium

254 1512 442 1587 quadrantem
450 1525 685 1592 prosequeretur:
709 1516 759 1572 ‘in
779 1515 894 1572 nomine
917 1511 1022 1580 Patris,
1036 1520 1064 1571 et
1086 1512 1165 1579 Filii,
1179 1520 1207 1570 et
1220 1512 1345 1588 Spiritus

255 1613 354 1673 Sancti
365 1609 402 1670 :⁹²
423 1613 475 1672 sed
488 1615 514 1672 si
527 1615 619 1672 brevis
633 1622 741 1673 tantum
755 1615 792 1672 sit
804 1613 983 1689 interruptio,
998 1630 1033 1669 v:
1055 1630 1091 1689 g:
1112 1609 1180 1670 dum
1194 1612 1275 1689 jubet
1287 1629 1346 1669 ma·

254 1714 333 1772 trine
354 1713 474 1791 capillos
496 1731 639 1792 separare,
669 1721 701 1771 nt
728 1731 802 1787 aqua
822 1713 851 1771 13
871 1720 966 1771 cutem
989 1709 1097 1770 demitti
1118 1711 1220 1780 331331,
1242 1729 1345 1770 333333

254 1822 359 1882 manet,
374 1832 464 1888 quum
476 1813 562 1872 verba
575 1821 745 1872 censeantur
758 1814 789 1872 in
801 1829 887 1871 unam
901 1811 1070 1870 sententiam
1085 1811 1186 1902 coire..

295 1917 323 1970 6.
347 1913 442 1972 Grave
455 1922 500 1972 est
512 1921 670 1991 peccatum,
691 1912 761 1986 quid
780 1921 887 1970 temere
900 1919 1044 1978 attentare,
1065 1910 1143 1983 quod
1163 1911 1288 1969 materie
1300 1910 1347 1968 vel

255 2011 353 2070 sormae
367 2021 476 2089 spectet
498 2012 692 2081 substantiam,
714 2031 780 2072 nam
801 2009 919 2070 Christo
942 2009 1106 2078 detrahitur,
1128 2011 1190 2088 ejus
1209 2009 1345 2069 institutis

256 2111 287 2168 in
300 2111 411 2170 irritum
425 2112 532 2180 missia,
556 2122 585 2170 et
596 2112 731 2188 proximo
751 2111 784 2169 111
796 2111 910 2188 injuria,
931 2111 981 2183 qui
1001 2109 1090 2187 gratia
1103 2110 1272 2168 sacramenti
1286 2109 1345 2184 pri·

256 2217 346 2267 ratur.
389 2209 524 2269 Graviter
542 2211 625 2270 etiam
640 2219 773 2288 peccatur
786 2211 812 2268 si
825 2210 921 2284 aliqua
939 2208 1090 2268 inducatur
1108 2209 1225 2267 mutatio
1238 2207 1274 2265 de
1288 2197 1346 2280 qua

255 2307 376 2367 dubitari
385 2311 478 2386 possit
486 2319 580 2369 utrum
590 2311 776 2370 substantiam
787 2311 921 2388 attingat:
936 2327 989 2368 nec
998 2310 1075 2368 enim
1088 2308 1156 2367 licet
1163 2308 1233 2366 ritus
1242 2306 1346 2366 divini·

254 2417 298 2466 tus
313 2409 456 2469 institutos
469 2410 500 2468 in
512 2409 661 2469 hominum
675 2410 795 2470 salutem
809 2408 910 2469 dubios
923 2409 1047 2468 efficere.
1075 2408 1199 2468 Mutatio
1213 2406 1344 2466 notabilis

255 2508 385 2568 consulto
398 2509 480 2578 sacta,
501 2511 586 2569 etiam
607 2511 685 2568 salva
704 2511 870 2576 substantia,
881 2517 1031 2585 peccatum
1045 2525 1130 2585 grave
1144 2515 1203 2576 est;
1223 2527 1289 2566 nam
1306 2515 1345 2565 13·

255 2624 332 2664 mere
346 2610 412 2678 quis
432 2610 463 2665 in
482 2626 513 2664 re
535 2609 604 2664 tanti
619 2607 758 2666 momenti
772 2608 899 2674 innovat,
913 2615 1010 2664 contra
1025 2607 1213 2666 reverentiam
1227 2605 1345 2665 Christo

257 2692 392 2771 debitam,
403 2703 429 2760 si
442 2712 540 2780 agatur
552 2704 587 2762 de
601 2722 642 2773 re,
656 2704 703 2761 331
715 2705 818 2772 forma,
833 2722 918 2777 quam
932 2705 993 2780 ipse
1007 2707 1190 2784 prescripsit,
1204 2712 1233 2762 31
1245 2705 1346 2762 saltem

254 2811 353 2860 contra
372 2810 545 2879 praeceptum
568 2812 597 2860 31
616 2821 700 2860 usum
721 2803 873 2862 Ecclesiae.
916 2803 966 2862 Sic
988 2805 1038 2878 qui
1057 2805 1163 2864 diceret
1185 2803 1253 2862 dum
1274 2805 1344 2880 bap·

254 2901 339 2958 tizat:
363 2899 448 2961 ‘lavo
462 2911 488 2959 13
502 2901 531 2960 13
545 2903 662 2961 nomine
677 2901 837 2970 Genitoris,
853 2901 1008 2975 Genitique
1031 2913 1060 2962 31
1079 2905 1203 2981 Spiritus
1218 2903 1315 2962 Sancti
1324 2903 1343 2972 ς’

256 3001 380 3077 graviter
392 3009 540 3078 peccarett
561 3010 589 3060 et
602 3003 652 3077 qui
665 3021 732 3062 curn
753 3001 846 3080 prima
865 3003 1051 3080 impositione
1074 3022 1210 3062 manuum
1224 3005 1254 3062 in
1268 3021 1345 3080 pres·

254 3099 349 3180 byteri
358 3101 547 3172 ordinatione,
559 3121 645 3176 quam
655 3123 712 3162 333
723 3122 787 3162 cum
795 3121 881 3180 preca
891 3103 1022 3175 sequenti
1032 3101 1178 3160 materiam
1187 3110 1216 3159 et
1224 3103 1346 3161 sormam

254 3209 353 3280 putant
372 3202 511 3276 plerique,
532 3203 620 3261 verba
638 3205 835 3281 conjungeret,
860 3199 1024 3260 temeritatis
1047 3198 1142 3276 gravis
1165 3218 1232 3258 reus
1257 3203 1339 3269 foret,

253 3316 343 3374 quum
356 3299 833 3362 3311313333311113133333133331
845 3299 1076 3378 supplereritum
1088 3298 1239 3360 Ecclesia.
1262 3300 1340 3359 Hinc

254 3395 376 3458 Missale
409 3397 573 3459 Romanum
608 3400 643 3459 de
669 3399 833 3484 defectibus
850 3399 965 3484 forme
996 3400 1217 3460 consecrationis
1244 3418 1342 3476 agens,

255 3495 468 3558 animadvertit:
492 3501 545 3558 “si
567 3501 675 3575 aliquid
695 3501 818 3567 adderet,
841 3499 918 3572 quod
943 3498 1182 3574 significationem
1201 3516 1258 3556 non
1282 3516 1344 3558 mu·

254 3605 334 3664 taret,
349 3597 502 3654 conficeret
514 3598 642 3672 quidem,
654 3608 698 3656 set
708 3599 876 3675 gravissime
889 3598 1053 3674 peccaret.'’
1096 3598 1177 3658 Idem
1190 3597 1342 3658 dicendum

254 3697 280 3754 si
309 3695 440 3754 consulto
462 3698 604 3757 omitteret
627 3696 756 3771 quaedam
786 3697 889 3756 verba:
911 3717 946 3755 r:
962 3716 997 3774 g:
1030 3699 1343 3775 ι31313331---333313

254 3795 329 3854 rium
343 3792 421 3863 tidei,
436 3814 489 3872 pro
508 3798 618 3866 vobis3'
647 3797 804 3874 pracsertim
827 3798 851 3855 si
871 3797 1005 3875 religioni
1024 3797 1141 3856 duceret
1153 3817 1187 3856 ea
1199 3806 1342 3871 tamquam

233 3939 235 3942 -
254 3893 366 3954 Christi
385 3894 523 3971 proferre,
544 3917 580 3957 eo
600 3897 677 3971 quod
699 3898 729 3955 in
749 3897 902 3975 Scripturis
923 3916 981 3957 non
1003 3898 1167 3966 reserantur,
1188 3915 1277 3971 quum
1298 3897 1339 3956 sic

253 3995 333 4072 parvi
353 3993 490 4073 penderet
510 4016 595 4056 usum
615 4007 643 4054 et
663 3997 842 4065 traditionem
862 3996 1014 4057 Ecclesia.
1064 3995 1149 4063 Quod
1171 3997 1196 4055 si
1222 3998 1341 4056 mutatio

252 4093 324 4153 levis
337 4095 386 4153 fiat
399 4113 437 4154 ex
450 4095 571 4170 quadam
585 4097 759 4175 negligentia
772 4097 880 4170 absque
894 4097 1024 4164 oonsilio,
1039 4095 1158 4154 venialis
1172 4095 1341 4172 plerumque

251 4202 295 4250 est
307 4194 406 4271 culpa:
429 4197 469 4254 311
482 4197 508 4255 31
521 4198 596 4271 quis,
611 4197 719 4256 omisso
733 4197 902 4273 pronomine
921 4195 1014 4274 ‘ego,’
1035 4194 1204 4254 festinanter
1215 4195 1339 4254 diceret:

250 4292 381 4369 ‘baptizo
395 4303 421 4352 te
435 4296 466 4355 13
478 4299 596 4358 nomine
611 4297 714 4365 Patris,
736 4290 765 4356 et
784 4297 862 4365 Filii,
885 4304 914 4355 et
926 4295 1050 4374 Spiritus
1064 4294 1184 4354 Sancti!
1227 4281 1339 4355 Forma

287 4526 329 4593 (1)
347 4523 381 4576 111.
392 4540 417 4590 p.
428 4541 469 4591 qu.
479 4528 628 4582 laertriii.
663 4531 738 4600 Resp.
