3108 5162
281 508 340 566 292
641 499 698 560 DE
720 497 1016 560 SPONSALIBUS.

275 673 336 748 jam
356 677 502 744 nequeunt
521 667 645 746 impleri.
687 667 790 726 Utrum
814 677 908 726 autam
931 667 1015 726 liceat
1036 665 1112 724 huno
1131 683 1251 742 ponere
1275 666 1394 724 obicem

283 767 473 847 disceptatur:
496 766 548 826 sed
561 767 673 840 quoties
687 766 764 825 nulla
783 784 898 843 sponse
918 766 1022 844 injuria
1041 765 1118 823 illata
1137 775 1191 834 est,
1209 765 1397 837 nullumque

286 868 369 928 sume
393 867 592 928 detrimentum
618 867 759 934 imminet,
785 865 895 923 videtur
920 865 1005 923 licere
1031 863 1129 924 divino
1155 881 1187 921 se
1215 865 1398 940 mancipare

285 969 384 1038 cultui,
400 985 486 1042 quum
497 966 559 1026 hec
573 964 698 1025 conditio
713 965 897 1042 promissioni
910 962 985 1022 haud
1006 973 1153 1040 repugnet.
1196 963 1230 1021 E
1249 973 1360 1022 comma
1373 962 1398 1018 si

284 1066 420 1128 damnum
435 1085 549 1144 sponse
561 1065 666 1142 injuste
680 1065 787 1122 illatum
802 1065 848 1132 sit,
863 1062 939 1136 quod
953 1062 1068 1121 nonnisi
1078 1062 1183 1140 nuptiis
1196 1063 1292 1121 initis
1309 1071 1396 1134 queat

284 1168 418 1244 reparari,
433 1165 567 1224 nonlicet
579 1163 692 1221 ordines
706 1181 803 1222 sacros
814 1164 970 1238 suscipere,
981 1160 1037 1220 fide
1046 1162 1229 1238 sponsalium
1243 1161 1392 1238 neglecta.

284 1267 361 1324 Voto
381 1263 494 1324 ordines
514 1261 701 1340 suscipiendi,
722 1262 767 1320 vel
787 1261 919 1321 servandi
942 1262 1099 1319 castitatem
1121 1260 1195 1318 solvi
1219 1259 1392 1337 sponsalia,

282 1363 375 1437 quoad
398 1369 560 1431 voventem,
576 1371 673 1422 tenent
692 1362 799 1439 plures,
813 1364 838 1421 si
855 1361 939 1420 fucrit
964 1361 1038 1418 bona
1063 1359 1118 1417 fide
1140 1361 1317 1418 emissum:
1340 1357 1392 1415 sed

285 1462 443 1522 cavendum
457 1481 493 1521 ne
507 1463 556 1520 fiat
568 1481 632 1522 cum
655 1461 768 1520 alterius
782 1461 894 1539 injuria.
924 1459 957 1517 Si
971 1478 1034 1518 eam
1048 1458 1183 1535 deinceps
1197 1457 1390 1537 cognoverit,

284 1561 367 1620 debet
380 1563 498 1620 omnino
511 1562 722 1620 matrimonium
743 1561 824 1628 inire,
839 1559 873 1618 ad
896 1557 1080 1635 reparandam
1101 1559 1251 1636 injuriam,
1269 1559 1389 1634 dispen-

285 1662 396 1718 satione
407 1680 422 1717 a
435 1671 502 1719 voto
516 1661 594 1736 prius
608 1661 766 1736 impetrata.

323 1763 374 1819 26.
400 1758 544 1830 Quaelibet
556 1757 700 1818 notabilia
713 1757 843 1816 inritatio
858 1765 1029 1834 potestesse
1043 1774 1129 1814 causa
1137 1757 1216 1833 justa
1230 1755 1388 1833 sponsalia

283 1858 478 1928 rescindendi,
493 1859 602 1918 scilieet
621 1857 732 1930 quoties
756 1857 909 1934 prudenter
917 1857 1063 1932 judicatur
1075 1873 1251 1915 eonsensum
1268 1856 1385 1913 adeam

285 1978 379 2019 rerum
394 1959 587 2018 conditionem
601 1975 659 2015 non
673 1955 798 2013 extendi.
841 1956 892 2013 Sic
912 1954 948 2013 de
969 1954 1151 2031 sponsalibus
1171 1955 1262 2014 etiam
1278 1952 1385 2033 juratis

286 2056 413 2116 decisum
437 2067 481 2115 est
500 2060 534 2114 ab
556 2056 723 2115 Innocentio
744 2053 818 2113 111.:
842 2054 904 2112 “Si
925 2063 992 2130 post
1004 2053 1171 2130 hujusmodi
1180 2055 1385 2131 juramentum

285 2155 387 2213 mulier
399 2155 479 2212 fieret
491 2173 550 2212 non
563 2152 656 2212 solum
670 2153 792 2230 leprosa,
808 2152 859 2210 sed
872 2154 958 2222 etiam
972 2153 1135 2229 paralytica,
1148 2154 1193 2211 vel
1207 2156 1325 2222 oculos,
1337 2149 1382 2206 vel

286 2270 387 2312 nasum
402 2253 549 2321 amitteret,
561 2251 607 2310 vel
620 2253 772 2326 quicquam
784 2255 811 2311 ei
825 2253 934 2330 turpius
947 2253 1083 2320 eveniret,
1097 2253 1227 2325 nunquid
1241 2256 1290 2312 vir
1303 2261 1381 2310 tene-

286 2362 362 2411 retur
375 2371 438 2410 eam
452 2352 554 2411 ducere
567 2353 596 2411 iu
609 2349 778 2411 urrerem.’'l
818 2351 898 2410 Idem
919 2351 1071 2410 dicendum
1085 2350 1197 2409 videtur
1207 2351 1242 2409 de
1255 2367 1381 2430 pauper·

287 2461 353 2522 tate,
368 2453 504 2520 infamia,
528 2453 699 2512 familiarum
723 2451 890 2519 inimicitiis,
911 2468 1024 2527 sponsae
1045 2451 1129 2509 etiam
1152 2451 1247 2508 invitm
1265 2453 1303 2510 ab
1325 2449 1380 2506 alio

286 2551 451 2618 violatione,
475 2551 556 2627 lapsu
579 2552 678 2627 sponsi
698 2552 728 2607 in
749 2551 892 2617 heresim,
914 2567 1024 2606 morum
1044 2550 1236 2626 corruptione,
1255 2551 1304 2608 vel
1326 2547 1380 2606 alia

287 2650 562 2724 gravissimarerum
575 2649 741 2706 mutatione.
784 2649 856 2712 Quae
870 2647 1026 2724 spopondit
1046 2667 1077 2705 se
1090 2658 1242 2726 nupturam
1265 2645 1377 2707 homini

287 2746 448 2803 sobrietatis
461 2754 489 2802 et
502 2745 621 2802 aliarum
635 2746 769 2802 virtutum
783 2745 867 2802 laude
881 2746 997 2822 insigni,
1017 2765 1076 2804 non
1085 2756 1196 2806 tenetur
1207 2748 1243 2805 ad
1257 2747 1377 2824 implen-

287 2841 352 2899 dam
367 2843 599 2918 promissionem,
613 2844 677 2918 ipso
693 2843 755 2919 jam
777 2843 857 2920 potui
870 2844 960 2902 nimio
980 2855 1009 2902 et
1030 2847 1107 2904 vitiis
1121 2847 1184 2904 aliis
1199 2846 1373 2924 indulgente.

286 2941 335 2998 Sic
349 2951 378 2999 et
390 2958 453 3014 quus
465 2940 590 2999 latebant
603 2943 680 3011 vitia,
702 2941 727 2998 si
750 2940 925 3020 detegantur,
947 2943 991 3000 vel
1004 2942 1113 3012 dotum,
1128 2964 1191 3017 quae
1205 2946 1278 3003 falso
1287 2948 1374 3023 jacta-

287 3041 397 3110 bantur,
412 3041 548 3110 absentia,
570 3059 685 3100 causam
706 3041 852 3099 resiliendi
871 3042 1008 3117 praebent.
1051 3043 1084 3100 Si
1097 3062 1205 3119 sponsa
1218 3045 1373 3120 reperiatur

285 3141 375 3200 suisse
384 3143 445 3218 jam
459 3141 564 3208 vitiata,
586 3142 685 3214 nequit
703 3140 879 3216 sponsalium
901 3139 1097 3216 impletionem
1112 3161 1229 3219 urgere:
1251 3143 1276 3200 si
1289 3160 1373 3218 spon-

285 3259 334 3298 sus
348 3238 462 3298 fraudes
476 3249 602 3316 patrasse
616 3240 771 3316 detegatur,
792 3256 849 3297 nou
873 3247 967 3316 potest
986 3257 1122 3316 sponsam
1148 3242 1203 3298 sibi
1216 3243 1369 3300 vindicare.

284 3339 317 3396 Si
331 3337 449 3397 divitem
462 3339 623 3398 nobilemve
636 3357 668 3396 se
681 3337 753 3396 falsi
762 3339 923 3415 jactaverit,
938 3338 1047 3398 nullum
1063 3339 1113 3416 jus
1127 3358 1165 3398 ex
1178 3341 1369 3417 sponsalibus,
1477 3375 1482 3384 ·
1511 3338 1516 3351 '

284 3456 347 3511 qum
368 3437 524 3496 mendaciis
544 3440 606 3516 ejus
630 3439 799 3506 nitebantur,
820 3440 923 3514 poterit
935 3456 1111 3515 comparare.
1154 3439 1240 3505 Quod
1255 3441 1280 3496 si
1293 3441 1370 3498 alter-

283 3537 373 3593 utrius
387 3538 503 3594 mutatio
518 3539 669 3612 contingat,
684 3536 791 3594 divitiis
805 3537 851 3594 vel
864 3537 1018 3596 honoribus
1032 3537 1124 3596 subito
1138 3540 1295 3612 acquisitis,
1308 3556 1369 3596 esse

282 3633 385 3706 poterit
397 3651 483 3690 causa
496 3652 547 3690 cur
559 3635 704 3708 sponsalia
723 3633 927 3702 rescindantur,
953 3637 1068 3709 quando
1082 3637 1191 3695 scilicet
1204 3638 1295 3696 videri
1307 3655 1368 3714 pos·

282 3739 326 3786 set
342 3729 376 3786 ad
398 3729 517 3807 gradum
540 3731 669 3790 altiorem
689 3743 814 3790 evectus.
857 3734 1042 3794 Familiarum
1063 3737 1149 3794 etiam
1169 3737 1288 3796 dissidia
1306 3743 1368 3813 post

282 3831 426 3908 sponsalia
440 3839 500 3887 orta
513 3839 645 3907 potemnt
657 3832 782 3906 praebere
796 3833 979 3894 occasionem
994 3853 1028 3892 ea
1041 3835 1231 3896 rescindendi.

321 3931 567 4004 austerumque
593 3931 723 4008 praesulis
747 3934 897 3992 auctoritas
918 3934 1095 4011 imploranda
1121 3945 1174 4003 est,
1196 3935 1311 4009 qnando
1335 3934 1368 3992 de

282 4032 464 4107 sponsalibus
490 4031 601 4107 publice
627 4031 703 4089 initis
730 4033 875 4092 solvendis
899 4035 999 4110 agitur,
1027 4052 1063 4091 ne
1090 4035 1213 4093 offensio
1238 4033 1367 4092 fidelibus

282 4141 430 4191 nascatur:
457 4133 517 4190 imo
536 4140 565 4189 et
586 4132 740 4208 implorari·
758 4133 863 4210 poterit
889 4133 1087 4209 aparentibus
1115 4134 1149 4193 ad
1172 4131 1367 4210 impediendus

281 4231 394 4305 nuptias
408 4250 444 4288 ex
468 4231 570 4303 quibus
583 4249 669 4308 grave
690 4230 813 4290 dedecus
835 4232 951 4290 familiae
973 4232 1112 4292 oriturum
1126 4235 1172 4292 sit.
1214 4231 1301 4310 Apud
1315 4247 1367 4290 nos

615 4443 658 4508 (l)
678 4441 740 4506 Cup.
751 4457 808 4492 xxv.
820 4439 1033 4510 dejurq‘urundo.
1050 4402 1056 4414 Ι
