3172 5172
251 527 308 584 150
597 519 655 580 DE
678 517 988 582 OONFESSIONE.

252 689 400 770 proposito
419 687 554 748 effectum
573 685 737 766 hujusmodi
757 687 943 764 producendi,
957 705 1016 746 nou
1036 686 1148 747 videtur
1160 687 1203 746 rei
1221 699 1339 749 eventus

251 787 411 850 necessarie
422 786 619 856 declarandus,
629 789 685 847 nisi
693 786 986 864 exeopeudeatonus
997 787 1112 860 aliquod
1122 788 1340 864 imponendum,

252 907 288 947 v:
315 908 350 966 g:
378 890 535 948 restitutio:
562 888 608 946 vel
632 905 752 946 censura
776 887 823 945 vel
846 888 1001 946 reservatio
1026 905 1087 945 rem
1114 887 1229 946 afficiat.
1283 890 1341 958 Qui

253 998 368 1048 accusat
393 1007 425 1047 se
450 987 513 1048 aliis
540 988 707 1065 propinasse
730 995 827 1062 potum
847 987 968 1046 nimium
989 995 1021 1045 ut
1039 1004 1090 1045 eos
1110 987 1271 1055 inebriaret,
1292 990 1341 1048 vix

252 1097 363 1148 tenetur
376 1088 497 1167 adjicere
517 1105 567 1146 eos
586 1105 687 1165 reapse
705 1085 798 1144 ebrios
813 1085 919 1145 factos:
942 1105 1031 1160 quum
1042 1088 1104 1165 jam
1124 1105 1244 1164 pravum
1257 1107 1341 1148 suum

253 1191 391 1258 animum,
401 1207 438 1246 ex
447 1197 589 1261 quoactus
598 1186 712 1264 prodiit,
724 1184 916 1244 declaraverit.
944 1186 1001 1253 Qui
1012 1187 1141 1264 agnoscit
1153 1205 1183 1244 se
1198 1205 1339 1246 venenum

252 1287 406 1365 prebuisse
420 1286 493 1365 patri
506 1296 538 1345 ut
558 1284 749 1344 haereditatem
770 1286 981 1362 quamprimum
1001 1286 1150 1353 obtineret,
1164 1303 1222 1344 non
1233 1294 1341 1344 tenetur

252 1386 356 1445 referre
365 1393 485 1446 mortem
494 1384 560 1444 iude
572 1394 709 1452 secutam,
723 1384 747 1440 si
756 1385 864 1443 nullum
873 1385 951 1444 alteri
961 1387 1122 1461 provenerit
1130 1383 1338 1444 detrimentum.

290 1489 340 1544 42.
362 1486 482 1564 Species
500 1493 680 1564 peccatorum
695 1493 760 1541 sunt
773 1483 931 1561 aperiendae
945 1484 1095 1552 sacerdoti,
1109 1501 1163 1543 uec
1175 1485 1251 1558 enim
1265 1484 1340 1543 idem

251 1585 303 1642 erit
320 1584 472 1663 judicium,
494 1586 519 1644 si
539 1583 623 1652 surio,
642 1582 687 1640 vel
700 1582 826 1651 vulnere,
844 1584 949 1642 laeserit
967 1584 1030 1656 quis
1047 1584 1227 1660 proximum:
1250 1584 1295 1642 vel
1316 1585 1340 1641 si

251 1683 347 1743 Deum
366 1683 512 1758 loquendo
525 1683 700 1742 contumelia
713 1682 850 1750 affecerit,
864 1684 910 1742 vel
923 1683 1007 1741 rebus
1022 1683 1125 1743 divinis
1139 1683 1213 1741 male
1226 1683 1339 1741 habitis.

252 1782 482 1844 circumstantie
509 1783 616 1841 idcirco
635 1781 762 1842 dicendae
782 1791 857 1850 sunt,
879 1801 942 1856 quae
965 1784 1092 1859 speciem
1113 1791 1251 1841 mutant:
1275 1801 1338 1840 nam

251 1882 328 1942 aliud
350 1892 394 1942 est
415 1883 554 1960 flagitium
574 1881 603 1940 in
624 1881 732 1956 templo
750 1881 854 1940 violare
877 1865 1037 1951 mulierem,
1057 1901 1089 1940 ac
1111 1882 1141 1941 in
1161 1882 1336 1959 postribulo:

251 1981 327 2041 aliud
341 1992 384 2042 est
396 1982 572 2042 sacerdotem
586 1980 726 2047 occidere,
742 2000 774 2038 ac
786 1981 936 2040 latronem.

290 2085 340 2140 43.
362 2083 509 2142 Poeuitens
529 2089 639 2139 tenetur
659 2079 824 2139 confessarii
846 2080 1112 2158 interrogationibus
1131 2078 1267 2157 legitimis
1292 2097 1336 2136 re·

251 2181 402 2254 spondere,
415 2181 450 2238 iis
461 2180 570 2238 scilicet
582 2198 646 2252 quae
656 2197 703 2238 res
713 2180 868 2256 respiciunt
878 2181 950 2238 scitu
964 2179 1148 2248 necessarias,
1159 2187 1189 2237 ut
1201 2178 1336 2237 idoneum

246 2277 386 2338 ‘habeatur
394 2279 544 2356 judicium.
586 2278 733 2357 Imprimis
746 2278 982 2338 consuetudinem
996 2280 1104 2355 aperire
1118 2277 1201 2338 debet
1212 2287 1338 2355 rogatus,

250 2377 316 2436 inde
331 2381 407 2438 enim
428 2378 533 2456 pendet
551 2386 643 2438 utrum
656 2380 746 2466 sepire
761 2380 798 2436 sit
810 2379 948 2438 idoneus:
971 2387 1143 2455 quapropter
1156 2378 1340 2437 Innocentius

250 2477 305 2536 ΧΙ.
328 2477 472 2538 damnavit
491 2478 640 2556 cujusdam
660 2479 866 2537 assertionem:
896 2479 994 2537 “Non
1016 2486 1146 2537 tenemur
1166 2477 1340 2537 confessario

249 2579 431 2655 interroganti
457 2578 538 2636 fateri
563 2579 672 2655 peccati
698 2578 817 2654 alicujus
843 2575 1111 2636 consuetudinem.'’
1159 2577 1219 2635 Sed
1246 2585 1339 2654 potest

249 2694 381 2734 recusare
401 2694 508 2736 nomen
529 2694 623 2744 suum,
640 2676 685 2735 vel
706 2677 768 2734 vitae
790 2676 993 2746 conditionem,
1016 2685 1155 2750 quatenus
1175 2677 1269 2752 ipsum
1290 2675 1339 2733 de-

248 2776 352 2850 signet,
363 2775 408 2832 vel
419 2774 554 2848 quioquid
564 2793 622 2833 non
635 2785 679 2833 est
692 2777 884 2835 necessarium
894 2776 929 2836 ad
939 2775 1126 2836 confessionis
1137 2775 1335 2852 integritatem,

249 2871 379 2950 prodere.
483 2895 485 2898 ·

420 3159 446 3234 §.
468 3159 522 3218 IV.
564 3160 612 3220 Da
633 3179 882 3220 cincunsuaurns
902 3179 1162 3222 aeonavsurrnus.

287 3387 337 3444 44.
359 3383 461 3444 Utrum
473 3383 646 3445 declaraudae
661 3388 717 3446 siut
728 3386 887 3446 necessariis
901 3389 1117 3446 circumstantiae
1131 3404 1194 3459 quae
1208 3387 1335 3462 speciem

248 3503 306 3544 nou
332 3494 451 3554 mutant,
475 3487 616 3545 malitiam
631 3496 725 3546 tamen
746 3497 851 3566 augent
876 3487 1046 3556 notabiliter,
1068 3487 1241 3561 disceptatur
1266 3486 1338 3543 inter

247 3583 408 3660 theologos
426 3602 545 3656 quorum
565 3587 691 3662 plurimi,
706 3605 771 3644 cum
792 3587 824 3644 S.
845 3587 997 3664 Alphonso
1018 3586 1053 3645 de
1073 3586 1201 3663 Ligerio,
1223 3593 1335 3662 negant.

247 3679 394 3752 Equidem
415 3681 451 3738 iis
473 3684 616 3759 sepositis,
639 3686 795 3742 substantia
814 3687 923 3763 peccati
943 3688 1104 3755 innotescit,
1115 3683 1189 3742 'adeo
1208 3693 1238 3742 ut
1251 3684 1286 3744 de
1301 3703 1335 3742 eo

242 3777 371 3856 judicare
385 3780 478 3855 possit
497 3782 649 3842 sacerdos:
672 3793 700 3842 et
719 3802 806 3857 quum
828 3787 982 3845 concilium
1003 3785 1202 3845 Tridentinum
1218 3784 1336 3841 circum·

246 3878 362 3938 stantiae
388 3877 452 3938 illas
474 3898 537 3953 quae
558 3883 684 3958 speciem
708 3893 817 3942 mutant
836 3884 996 3945 necessarii
1018 3882 1201 3944 declarandas
1223 3883 1334 3950 dixerit,

245 3979 323 4038 nulla
335 3979 408 4038 13313
421 3982 564 4039 mentione
580 3983 852 4042 circumstantiarum
866 3984 1026 4044 notabiliter
1039 3983 1263 4062 aggravandum,
1278 4001 1336 4040 non

246 4089 290 4138 est
303 4099 375 4140 onus
389 4080 544 4140 confitendi
558 4082 629 4141 ultra
643 4082 864 4142 extendendum.
905 4083 939 4143 Iri
954 4103 988 4142 ea
1001 4086 1142 4144 sententia
1156 4083 1187 4140 S.
1203 4081 1333 4140 Thomas

246 4178 334 4238 fuisse
354 4180 481 4243 videtur:
504 4189 523 4217 “
536 4181 660 4252 Quidam
673 4185 750 4242 enirn
768 4182 873 4251 dicunt,
889 4183 964 4256 quod
985 4203 1086 4243 omnes
1107 4181 1333 4248 circumstantiae,

246 4297 309 4351 que
323 4279 446 4353 aliquam
462 4282 614 4341 notabilem
630 4283 811 4356 quantitatem
822 4293 938 4359 peccato
953 4282 1067 4353 addunt,
1079 4282 1207 4342 confiteri
1217 4297 1335 4340 neeesse

243 4385 297 4443 est,
324 4379 348 4437 si
375 4383 519 4440 memoria)
545 4393 701 4442 occurrant.
744 4382 802 4440 Alii
828 4381 893 4441 verb
915 4381 1013 4442 dieunt
1038 4382 1114 4457 quod
1141 4401 1199 4440 non
1220 4381 1277 4438 sint
1300 4379 1335 4436 de

244 4477 412 4536 necessitate
419 4481 601 4551 confitendae,
610 4484 665 4541 uisi
676 4483 894 4541 circumstantiae
909 4501 972 4556 quaa
987 4482 1020 4540 ad
1032 4483 1108 4542 aliud
1119 4499 1209 4560 genus
1223 4479 1333 4558 peccati
