3144 5192
567 509 624 570 DE
646 507 957 570 ABSOLUTIONE.
1246 516 1306 572 217

216 677 329 738 lessarii
342 675 519 754 indulgentia
532 685 640 752 patrem
655 675 737 734 decet
755 675 846 734 filium
866 673 1016 752 prodigum
1031 674 1221 750 excipientem
1242 694 1308 736 oum
1400 674 1402 680 '

217 795 321 854 magna
333 765 420 837 animi
434 775 614 860 exultatione.
658 776 728 834 Non
736 775 773 834 ita
783 773 935 852 agendum,
947 775 971 831 si
983 792 1041 832 non
1052 786 1205 850 appareant
1218 777 1308 852 poeni·

218 877 312 934 tentie
325 877 438 944 indicia,
453 894 518 933 cum
532 871 738 934 emendationis
752 893 823 952 sper
844 883 921 931 esset
934 873 1012 931 enim
1025 875 1165 951 projicere
1179 889 1309 936 sunctum

218 976 344 1044 canibus,
359 975 522 1053 margaritas
536 976 643 1052 porcis,
659 975 778 1034 vitiosos
799 974 930 1032 homines
951 973 1058 1033 nullam
1078 971 1161 1050 spem
1176 974 1308 1034 emenda·

217 1074 301 1132 tionis
328 1075 539 1151 praeselerentcs
565 1072 672 1132 donare
698 1073 791 1140 venia,
812 1091 868 1146 qua
893 1073 993 1144 utique
1013 1071 1069 1130 frui
1089 1090 1147 1132 non
1167 1083 1305 1150 possent:

216 1183 390 1252 quapropter
402 1173 589 1233 innocentius
602 1172 658 1231 XI.
669 1172 814 1231 damnavit
826 1171 900 1229 hanc
912 1171 1158 1248 propositionem:
1181 1181 1201 1208 “
1212 1174 1309 1232 Poeni·

216 1273 286 1330 tenti
298 1272 414 1332 habenti
427 1270 665 1332 consuetudinem
679 1269 817 1348 peccandi
830 1280 927 1329 contra
939 1271 1034 1348 legem
1047 1269 1115 1338 Dei,
1130 1279 1245 1339 naturae,
1261 1283 1309 1330 aut

215 1370 371 1440 Ecclesia,
385 1373 440 1430 etsi
462 1368 669 1430 emendationis
692 1387 759 1445 spes
780 1368 859 1427 nulla
882 1378 1024 1445 appareat,
1045 1388 1098 1429 nec
1111 1379 1155 1428 est
1168 1371 1307 1448 neganda,

216 1488 271 1528 nec
284 1469 444 1530 differenda
456 1469 609 1537 absolutio,
624 1468 780 1528 dummodo
794 1485 843 1526 ore
865 1466 989 1544 proferat
1000 1485 1031 1526 se
1045 1467 1150 1538 dolere,
1164 1479 1192 1528 et
1204 1488 1309 1548 propo·

217 1587 286 1628 nere
300 1567 562 1628 emendationem.’'

261 1670 329 1727 199.
351 1668 430 1746 Erga
443 1677 607 1745 peccatores
622 1665 769 1726 recidivas
783 1665 877 1724 minor
889 1665 1052 1724 exhibenda
1065 1677 1109 1726 est
1121 1665 1307 1746 indulgentia,

219 1785 286 1826 narn
298 1766 396 1843 lapsus
409 1767 510 1834 facilis,
519 1775 587 1843 post
599 1766 711 1824 veniam
726 1764 817 1823 semel
829 1765 1019 1841 impetratam,
1033 1765 1099 1824 facit
1112 1776 1143 1825 ut
1155 1766 1190 1825 de
1204 1767 1310 1827 doloris

219 1875 248 1926 et
266 1868 406 1943 propositi
425 1867 455 1925 ri
475 1873 504 1923 et
522 1865 651 1924 efficacia
671 1865 847 1947 aliquatenus
868 1863 1026 1932 dubiteturr
1047 1867 1155 1943 quippe
1183 1867 1311 1926 “irrisor

216 1973 269 2033 cst,
291 1983 350 2026 non
378 1966 530 2042 poenitens,
551 1964 601 2038 qui
627 1958 719 2023 adhuc
740 1965 797 2040 agit
816 1963 893 2035 quod
912 1957 1079 2040 poenitetssss
1119 1963 1263 2024 Ceterum
1285 1967 1311 2025 si

218 2163 337 2241 impetu,
357 2164 404 2223 vel
429 2165 488 2223 fere
511 2160 668 2240 inopinatis,
690 2162 848 2240 prandenti,
869 2172 897 2220 et
922 2162 1028 2222 doloris
1049 2162 1154 2222 indicia
1173 2165 1311 2240 praebenti
1365 2184 1369 2188 ·

222 2264 341 2340 majora,
368 2261 593 2322 subveniendum
619 2271 680 2330 est;
713 2261 795 2320 facile
822 2262 928 2338 quippe
955 2262 1058 2320 vulnus
1078 2263 1261 2330 recrudescit,
1283 2272 1311 2322 et

219 2363 295 2420 vires
309 2379 367 2421 non
380 2362 473 2420 statim
487 2362 603 2438 integra
614 2361 772 2434 ralidaeque
783 2361 980 2419 restituuntur.
1022 2360 1131 2438 Magna
1146 2362 1176 2418 in
1185 2362 1309 2421 medica·

219 2460 296 2518 mine
310 2459 472 2518 adhibendo
485 2478 558 2538 opus
572 2470 616 2518 eat
628 2459 746 2528 cautela,
756 2479 792 2518 ne
804 2461 981 2536 ingravescat
994 2459 1121 2526 morbus,
1132 2479 1197 2519 cum
1212 2462 1311 2538 aegroti

218 2568 295 2618 certo
321 2559 496 2618 discrimine.
550 2559 641 2637 igitur
666 2559 792 2618 recidivo
820 2560 961 2635 peccatori
989 2559 1112 2618 tabulam
1137 2560 1310 2635 poenitentiae

218 2659 320 2718 iterum
335 2659 479 2736 arripienti
495 2677 553 2718 non
574 2669 619 2717 cst
641 2659 754 2736 penitus
774 2658 973 2717 subtrahenda.
1015 2657 1075 2717 Sed
1095 2677 1149 2718 nec
1163 2659 1309 2719 absolvere

218 2768 409 2836 prostateum
424 2759 537 2831 quoties
561 2777 593 2816 se
616 2760 700 2828 sistit,
716 2759 910 2835 poenitentiam
934 2757 1098 2835 professus:
1121 2778 1188 2818 nam
1208 2761 1307 2837 explc·

218 2857 323 2916 randus
337 2859 414 2935 prius
428 2859 551 2924 animus,
565 2868 593 2914 et
605 2858 702 2935 lapsus
715 2859 845 2926 occasio;
867 2867 895 2914 et
905 2859 988 2916 venia
1001 2857 1103 2927 danda,
1118 2859 1162 2918 vel
1176 2858 1310 2918 differen-

219 2956 265 3025 da,
286 2965 370 3032 prout
390 2956 485 3014 visum
507 2957 592 3014 luerit
616 2957 646 3014 in
671 2955 810 3024 Domino,
831 2957 915 3032 juxta
941 2959 1118 3033 propositum
1144 2960 1259 3026 mentis,
1283 2969 1311 3015 et

219 3054 372 3113 voluntatis
385 3054 590 3114 infirmitatem.

259 3157 330 3212 200.
350 3153 439 3212 Juxta
460 3155 493 3214 S.
515 3154 708 3232 Alphonsum,
737 3163 874 3214 “certum
895 3164 938 3214 est
957 3154 982 3213 1.
1010 3153 1095 3220 Quod
1118 3154 1309 3212 confessarius

220 3252 459 3312 teneturdifferre
482 3254 700 3322 absolutionem,
721 3253 900 3327 usquedum
921 3254 970 3312 fiat
991 3254 1137 3312 moraliter
1160 3263 1254 3312 certus
1276 3253 1312 3312 de

220 3352 409 3429 dispositione
422 3354 466 3412 sui
481 3354 655 3430 paenitentis,
676 3353 776 3412 saltem
793 3371 843 3430 per
856 3353 1085 3430 experimentum
1099 3354 1248 3430 temporis,
1263 3353 1309 3410 vel

218 3451 391 3520 mediorum,
411 3452 437 3510 si
457 3453 598 3529 paenitens
612 3452 759 3512 sufficiens
772 3452 899 3511 nondum
914 3454 1039 3529 praebeat
1051 3453 1166 3530 signum
1182 3472 1239 3510 suae
1254 3453 1311 3512 dis·

217 3551 401 3630 positionis.’'
443 3552 585 3612 Moralem
612 3553 685 3611 hanc
711 3551 909 3611 certitudinem
933 3553 972 3610 ita
997 3553 1139 3630 explicat:
1175 3552 1311 3611 “sufficit

217 3652 295 3726 quod
308 3652 499 3711 confessarius
513 3651 616 3710 habeat
629 3652 797 3728 prudentem
818 3652 1043 3730 probabilitatem
1064 3651 1100 3712 de
1121 3652 1309 3731 dispositione

218 3752 393 3826 prenitentis,
414 3760 444 3809 et
463 3769 522 3810 non
542 3752 636 3810 obstet
655 3769 693 3809 ex
713 3752 767 3811 alia
780 3763 860 3828 parte
874 3753 999 3829 prudens
1013 3753 1140 3829 suspicio
1153 3754 1307 3831 indisposi-

219 3848 322 3915 tionis;
342 3848 413 3908 alins
427 3850 477 3908 vix
491 3849 565 3909 ullus
579 3859 677 3928 posset
690 3850 808 3920 absolvi,
830 3851 897 3911 durn
919 3871 1106 3926 quacumque
1127 3855 1209 3929 signa
1223 3853 1312 3929 porni-

220 3947 337 4006 tentium
363 3965 421 4006 non
446 3958 581 4024 praestant
600 3950 657 4008 nisi
682 3951 908 4027 probabilitatem
930 3933 1178 4028 dispositionis.”2
1218 3950 1312 4008 Docet

217 4046 302 4105 etiam
336 4045 543 4106 confessarium
574 4067 661 4125 posse
696 4049 810 4116 differre
838 4049 1046 4108 absolutionem
1073 4050 1125 4106 rite
1158 4049 1309 4124 disposito,

219 4145 331 4220 quoties
347 4144 460 4222 judicat
479 4147 641 4208 dilationem
662 4149 724 4226 ejus
744 4147 935 4208 emendationi
954 4149 1062 4214 utilem,
1083 4165 1147 4204 nam
1169 4147 1272 4206 medici
1286 4155 1314 4205 et

214 4244 321 4323 judicis
336 4263 440 4306 munus
454 4245 541 4307 simul
554 4248 629 4309 obit:
640 4250 690 4327 jus
699 4259 792 4308 autem
806 4247 970 4326 poenitentis
984 4246 1018 4305 ad
1032 4245 1238 4305 absolutionem
1254 4265 1311 4306 non

287 4449 330 4516 (l)
350 4447 377 4500 S.
389 4448 575 4518 laidonincap.
589 4449 760 4517 xidspoerdt
772 4448 874 4500 distiii.
1010 4449 1053 4517 (2)
1072 4446 1140 4500 nvi.
1150 4464 1175 4500 n.
1186 4451 1245 4500 461.

257 4543 335 4605 Vos.
349 4545 488 4607 tlt-20
