3108 5162
602 545 743 606 CAPUT
764 545 947 606 UNlCUM.
1264 553 1324 609 279

231 712 355 787 ideoque
379 713 507 774 subsidio
526 712 602 780 vita,
625 711 703 786 quod
725 711 792 771 inde
812 711 998 772 derivandum
1019 712 1102 780 foret,
1124 730 1220 772 carcre
1239 713 1322 772 facile

233 821 360 891 possent.
402 814 459 881 Qui
478 813 591 890 fingunt
610 812 724 871 titulum
742 819 774 868 ut
793 811 969 880 ordinentur,
993 805 1202 872 ecclesiasticas
1223 829 1322 888 poenas

233 905 428 972 coutrahunt.¹
469 913 619 990 Episcopo
644 912 694 983 qui
720 909 895 970 sacerdotem
921 912 1029 984 absquo
1049 912 1130 972 titulo
1152 910 1273 979 ordinat,
1293 912 1323 971 in

234 1030 348 1089 poenam
367 1012 533 1090 lnjungitur,
557 1019 588 1069 ut
606 1011 634 1069 ei
657 1010 816 1070 necessaria
835 1009 869 1067 ad
889 1011 1122 1078 sustentationem
1136 1005 1324 1089 suppeditet.²

231 1109 396 1170 Concilium
410 1121 504 1169 autem
528 1109 737 1170 Baltimorense
758 1109 973 1201 Missionarios,
994 1111 1079 1170 etiam
1106 1119 1285 1189 aegrotantes,
1307 1129 1323 1166 a

230 1209 363 1269 fidelibus
376 1211 479 1284 quibus
494 1210 685 1268 inservierunt
698 1208 898 1268 sustentandos
912 1205 1063 1268 decrevit³

473 1425 499 1500 §.
521 1424 560 1482 V.
602 1423 651 1480 Da
672 1441 889 1482 onmufflours
907 1441 1080 1482 nnsuuonrs.

270 1601 320 1656 ³1.
341 1599 421 1658 Dum
434 1598 574 1658 ordinatio
600 1597 641 1664 fit,
662 1597 725 1673 ipse
740 1598 894 1674 episcopus
916 1599 964 1671 qui
987 1597 1098 1657 ordinat
1110 1598 1232 1658 Missam
1248 1599 1320 1657 cele·

232 1698 313 1755 brare
340 1697 434 1766 debet,
461 1699 591 1772 quamvis
611 1696 704 1754 valeat
723 1697 874 1764 ordinatio,
898 1697 1010 1756 etiamsi
1035 1698 1184 1774 presbyter
1198 1698 1321 1756 Missam

232 1796 365 1866 celebret,
377 1795 532 1856 dummodo
546 1796 699 1872 episcopus
722 1805 812 1854 totum
833 1797 916 1853 ritum
937 1797 1119 1856 essentialem
1133 1796 1319 1856 ordinationis

232 1896 294 1971 ipsc
321 1904 446 1974 peragat.
496 1894 598 1953 illicita
619 1896 713 1972 igitur,
735 1895 865 1968 quamvis
885 1894 987 1964 valida,
1014 1896 1158 1973 ejusmodi
1180 1894 1319 1954 ordinatio

232 1990 331 2054 foret⁴
371 1993 431 2053 Sed
453 1994 580 2053 minores
600 1993 714 2052 ordines
735 1993 795 2052 dari
816 2003 946 2070 possunt,
962 1996 1034 2068 quin
1047 1995 1141 2053 Missa
1153 1994 1318 2052 celebretur.

232 2093 458 2154 subdiaconatus
479 2111 545 2151 cum
566 2093 724 2151 minoribus
738 2092 883 2152 ordinibus
903 2111 961 2151 non
983 2105 1027 2152 est
1048 2093 1150 2154 codem
1164 2093 1210 2151 die
1224 2091 1318 2151 eidem

232 2189 423 2252 tribuendus.⁵
463 2193 527 2251 Nec
548 2189 606 2250 duo
629 2191 744 2249 ordines
764 2192 886 2269 majores
900 2192 968 2251 licet
980 2193 1081 2252 eodem
1095 2191 1141 2252 dle
1155 2193 1239 2251 alicui
1252 2211 1319 2252 con·

232 2291 314 2358 serre,
328 2293 435 2363 absque
448 2290 567 2368 speciali
581 2290 730 2349 Pontificio
744 2286 983 2366 dispensatione.⁶

272 2393 322 2449 32.
343 2390 441 2448 Prima
454 2397 569 2450 tonsura
592 2409 650 2449 non
669 2399 713 2446 est
734 2388 826 2447 danda
845 2389 903 2447 nisi
923 2391 1108 2458 confirmatis,
1122 2389 1230 2448 otfidei
1243 2389 1319 2472 rudt-

232 2497 328 2547 menta
339 2487 457 2556 edoctis,
471 2507 543 2563 quos
557 2489 720 2547 verosimile
731 2496 775 2545 est
786 2494 805 2522 “
814 2496 845 2544 ut
858 2487 922 2547 Deo
930 2489 1045 2547 fidelem
1056 2489 1162 2548 cultum
1173 2497 1317 2565 prestent,

231 2587 287 2647 hoc
306 2589 370 2647 vita
396 2605 487 2665 genus
506 2583 677 2665 elegissc.’'⁷
717 2587 775 2654 Qui
801 2595 946 2647 tonsuram
973 2587 1076 2664 recipit
1095 2588 1203 2660 absque
1222 2589 1319 2648 auimo

231 2686 413 2766 mancipandi
442 2705 474 2746 se
502 2686 601 2747 divino
631 2687 731 2755 cultui,
758 2684 868 2744 videtur
893 2705 1012 2763 peccare
1042 2687 1200 2755 venialiter,
1230 2705 1318 2761 quum

228 2795 353 2847 externae
372 2786 545 2864 professioni
565 2804 648 2845 mens
673 2803 733 2845 non
754 2774 932 2862 respondeat.
975 2785 1120 2846 Ceterum
1148 2785 1227 2846 nulla
1254 2788 1318 2864 lege

231 2894 340 2945 tenetur
363 2885 398 2943 ad
410 2885 533 2944 ordines
553 2884 771 2962 suscipiendos:
794 2903 846 2942 nec
860 2885 972 2946 videtur
984 2905 1112 2964 peccare,
1133 2887 1158 2944 si
1171 2905 1201 2945 re
1214 2887 1317 2946 melius

231 3002 372 3060 perpensa
391 2982 527 3061 deinceps
553 2984 676 3051 recedat,
705 2993 733 3040 et
757 2985 996 3068 uxoremstducat,
1022 2985 1095 3044 liber
1119 2986 1197 3045 enirn
1222 2992 1320 3046 manet
1414 3059 1417 3064 Ι

232 3081 323 3142 donec
344 3099 455 3140 sacrum
472 3083 601 3142 ordinem
615 3084 782 3160 susceperit.
824 3082 970 3169 Equidem
982 3083 1031 3157 qni
1044 3083 1148 3142 divinae
1161 3086 1318 3144 vocationis

230 3182 375 3250 conscius,
396 3181 431 3241 ad
444 3183 541 3241 saeculi
554 3201 681 3242 amorem
695 3163 853 3260 revertitur,¹
862 3165 970 3261 'ma'gno
983 3201 1019 3240 se
1029 3180 1187 3241 discrimini
1200 3183 1317 3259 objicit;

231 3281 362 3356 quamvis
375 3299 433 3340 non
446 3283 540 3340 statim
560 3283 598 3340 sit
610 3283 719 3359 peccati
739 3280 1061 3368 mortalisdamnandus
1083 3283 1120 3340 ob
1141 3281 1320 3359 pmpositum

231 3379 407 3440 derelictum.
448 3379 534 3458 Apud
555 3400 609 3440 nos
632 3399 718 3440 nemo
738 3389 833 3458 potest
855 3390 999 3440 tonsuram
1023 3391 1156 3459 appetere
1176 3380 1318 3440 saecularis

224 3479 329 3558 judicii
348 3479 477 3557 fugiendi
497 3479 606 3550 fraude,
627 3499 716 3555 quum
740 3468 818 3538 ndlla
837 3480 895 3538 sint
913 3481 1083 3540 clericorum
1103 3482 1133 3540 in
1155 3479 1219 3538 soro
1239 3480 1318 3538 civili
1346 3533 1348 3538 .

230 3580 396 3658 privilegia:
418 3581 470 3640 sed
495 3591 595 3658 posset
626 3583 690 3654 quis
723 3597 786 3636 eam
816 3580 957 3657 recipere*
976 3580 1071 3640 animo
1103 3581 1132 3640 in
1165 3579 1319 3639 seminario
1395 3625 1398 3630 .

229 3679 373 3749 manendi,
386 3688 418 3739 ut
430 3680 524 3740 studia
542 3680 660 3749 coleret,
683 3678 818 3756 deinceps
837 3678 871 3738 ad
885 3679 1022 3764 seculum
1036 3698 1220 3748 reversurus3
1241 3677 1320 3754 quod

229 3777 357 3839 fraudem
371 3789 400 3838 et
412 3780 581 3860 lnjustitiam
594 3797 709 3856 gravem
723 3795 827 3837 secum·
835 3762 928 3840 ferret.

271 3881 321 3934 33.
344 3879 503 3938 “Minores
516 3877 632 3938 ordines
643 3878 678 3937 iis
692 3878 742 3950 qui
755 3878 856 3938 saltem
869 3879 1000 3938 Latinam
1012 3878 1140 3956 linguam
1151 3876 1319 3952 intelligant,

232 3991 284 4049 per
296 3982 456 4050 temporum
469 3978 630 4046 interstitia,
644 3977 700 4036 nisi
713 3977 790 4036 aliud
804 3978 942 4056 episcopo
955 3978 1047 4054 magis
1059 3976 1211 4058 videretur,
1226 3972 1296 4032 conf
1310 4005 1322 4017 ·

267 4146 309 4214 (l)
330 4143 418 4196 Const.
430 4146 523 4198 Urbani
534 4148 603 4198 VIII.
613 4149 724 4200 Scottis.
848 4152 891 4218 (2)
912 4148 974 4214 Cap.
985 4150 1017 4200 iv.
1029 4155 1054 4198 et
1064 4147 1113 4198 xvi.
1125 4145 1154 4198 de
1160 4143 1288 4214 prabend.

267 4233 311 4298 (3)
331 4230 410 4282 Cone.
422 4230 488 4282 Balt.
498 4233 533 4283 iii.
544 4233 644 4284 daonii.

159 4349 170 4364 ,
269 4316 312 4384 (4)
332 4315 359 4364 S.
372 4314 403 4365 0.
414 4315 478 4366 Gen.
486 4315 568 4367 habita
578 4333 618 4368 an.
632 4319 706 4378 1⁷15,
717 4331 799 4368 coram
811 4317 939 4368 Clemente
949 4316 994 4366 XI.
1005 4323 1030 4366 et
1041 4315 1122 4378 Cong.
1132 4317 1148 4363 δ
1160 4313 1220 4364 Feb.
1234 4315 1306 4366 1722.

266 4402 310 4470 (b)
329 4399 392 4451 Bana.
403 4401 474 4452 XIV.
485 4400 516 4450 dc
528 4401 590 4466 Syn.
601 4402 618 4451 l.
630 4401 671 4451 vii.
682 4402 774 4453 clxiii.
784 4418 810 4454 n.
822 4405 847 4451 δ.

267 4487 312 4553 (b)
332 4484 395 4552 Cap.
407 4484 507 4547 Littera,
518 4485 549 4538 de
559 4491 632 4551 temp.
644 4485 721 4538 ordin
843 4489 885 4556 (7)
905 4486 983 4538 cono.
995 4485 1063 4537 Trid.
1074 4485 1138 4538 Sess
1149 4485 1277 4552 xxiibeap.
1285 4485 1317 4536 iv.
