3108 5162
485 633 541 692 DE
563 630 743 691 oltricus
764 630 1012 690 OONJUGUM.
1231 638 1290 694 atr

201 799 309 876 conjux
330 798 447 858 reddere
467 799 593 858 debitum
611 816 646 857 eo
660 799 826 856 laboranti:
848 799 926 871 quod
946 799 972 856 si
995 796 1063 855 velit
1082 797 1288 875 obtemperare,

203 917 291 974 penes
312 900 403 975 ipsam
423 908 467 957 est
482 897 643 976 periculum
664 898 755 955 morbi
778 897 964 955 contrahendi
984 898 1014 954 in
1033 915 1070 954 sa
1085 899 1242 974 suscipere,
1262 908 1291 958 et

204 999 292 1072 prolis
306 998 510 1075 concipiendae,
522 1015 585 1070 quae
599 996 723 1069 aliquam
733 995 899 1074 hujusmodi
908 997 1001 1055 labem
1011 997 1121 1054 habeat.
1165 996 1211 1056 Ob
1225 1017 1290 1075 pro·

202 1095 238 1152 lis
253 1097 410 1173 periculum
431 1098 598 1175 plerumque
613 1114 671 1154 non
691 1104 821 1153 tenentur
840 1096 977 1172 conjuges
991 1115 1022 1152 se
1037 1096 1185 1164 abstinere,
1201 1116 1289 1172 quum

202 1204 315 1272 praestet
328 1215 403 1263 esse,
418 1215 502 1269 quam
516 1197 628 1271 penitus
642 1214 699 1253 non
712 1213 787 1252 esse.

244 1297 311 1351 103.
334 1295 417 1352 Uxor
431 1309 493 1368 quae
507 1302 624 1370 experta
637 1302 724 1351 estse
738 1312 795 1351 non
809 1311 894 1368 posse
908 1311 1005 1369 parere
1019 1293 1125 1365 absque
1139 1293 1203 1352 vitae
1218 1296 1292 1372 peri·

201 1393 277 1460 culo,
292 1411 352 1451 non
371 1402 480 1451 tenetur
499 1391 617 1450 reddere
638 1391 774 1458 debitum,
789 1410 855 1449 uam
877 1409 942 1448 cum
962 1400 1039 1450 tanto
1059 1393 1105 1450 sui
1124 1392 1292 1453 detrimento

203 1492 305 1563 nequit
324 1492 458 1568 obligari:
480 1501 603 1549 attamen
624 1498 716 1567 potest
734 1490 863 1557 reddere,
883 1507 950 1547 nam
969 1491 1035 1548 licet
1054 1489 1096 1548 illi
1115 1509 1147 1549 se
1168 1493 1292 1569 objicere

205 1589 331 1665 periculo
352 1590 429 1662 quod
442 1608 479 1648 ex
492 1591 538 1647 sui
557 1589 720 1648 conditione
741 1589 838 1657 oritur,
852 1589 1008 1663 praesertim
1022 1591 1046 1647 si
1060 1589 1089 1647 id
1102 1589 1136 1648 ad
1149 1590 1292 1652 vitandam

205 1688 261 1755 sui,
275 1689 322 1745 vel
334 1690 476 1766 conjugis,
490 1688 724 1746 incontinentiam
737 1688 929 1745 necessarium
944 1689 989 1745 sit.
1032 1688 1065 1745 Si
1078 1706 1191 1764 semper
1203 1692 1293 1768 pariat

205 1785 281 1844 filios
295 1795 433 1856 mortuos,
447 1787 542 1865 plures
557 1787 654 1845 dicunt
667 1804 729 1842 eam
743 1804 828 1860 posse
841 1785 969 1853 reddere,
984 1788 1114 1858 quamvis
1128 1806 1185 1845 uon
1199 1804 1293 1848 tenea-

205 1893 258 1954 tur,
273 1904 339 1944 nam
360 1896 474 1963 praestet
493 1886 614 1943 infantes
635 1903 709 1951 esse,
730 1885 814 1942 etiam
836 1903 901 1942 cum
922 1894 1040 1961 peccato
1061 1886 1190 1962 originis,
1206 1908 1292 1960 quam

204 2001 262 2041 non
277 2003 350 2052 esse,
364 1994 393 2042 et
405 2004 456 2063 per
469 1984 602 2043 accidens
617 2003 713 2042 eorum
728 2002 805 2042 mors
820 1984 968 2060 contingit,
983 2003 1071 2057 quum
1085 1985 1211 2062 conjugii
1224 2007 1293 2046 usus

204 2100 255 2158 per
265 2102 296 2140 se
306 2083 399 2142 licitus
414 2085 459 2142 sit.
501 2084 569 2160 Ego
583 2081 811 2158 distinguendum
827 2091 906 2159 puto.
948 2083 1072 2141 Sifoetus
1083 2102 1159 2141 mors
1170 2086 1199 2142 in
1213 2095 1293 2145 utero

204 2183 359 2259 contingat,
373 2183 418 2242 vel
432 2183 512 2251 alias,
527 2184 633 2255 absque
647 2190 710 2238 actu
724 2180 850 2258 chirurgi
860 2181 946 2239 vitam
961 2182 1097 2250 tollentis,
1106 2184 1204 2256 utique
1217 2185 1294 2243 vide·

205 2289 250 2338 tur
268 2280 355 2339 licere
368 2283 409 2340 uti
428 2282 619 2348 matrimonio,
634 2281 688 2337 etsi
708 2279 896 2355 praevideatur
915 2289 1065 2338 eventura:
1088 2281 1139 2339 sed
1152 2283 1178 2340 si
1195 2283 1294 2344 soetum

205 2378 359 2455 forcipibus
371 2380 525 2440 tollendum
534 2389 654 2446 constet,
666 2378 785 2437 dubitari
797 2385 896 2453 posset
904 2386 997 2436 utrum
1007 2379 1231 2456 liceatoonjugio
1241 2384 1293 2451 uti,

206 2495 271 2536 cum
285 2487 361 2536 tanto
372 2479 459 2556 prolis
474 2479 652 2538 detrimento.
675 2475 820 2550 Equidem
829 2475 984 2552 optandum
997 2487 1029 2534 ut
1039 2478 1214 2537 abstinerent
1227 2501 1294 2540 con·

201 2576 304 2653 juges3
326 2578 377 2636 sed
399 2598 487 2653 quum
502 2577 710 2637 incontinentia
725 2577 762 2633 sit
776 2574 949 2650 periculum,
964 2576 1095 2634 excusari
1108 2577 1203 2636 forsan
1217 2591 1295 2656 pote·

205 2683 279 2744 runt,
294 2676 491 2756 chimrgomm
504 2678 700 2754 permittentes
714 2676 838 2743 arbitrio,
853 2673 999 2746 quomodo
1013 2694 1078 2734 cum
1098 2695 1188 2738 uxore
1201 2690 1295 2756 partu·

206 2776 294 2832 riente
305 2777 446 2854 agendum
461 2778 505 2834 sit.

248 2877 315 2931 104.
337 2876 421 2934 Uxor
447 2894 509 2947 quae
533 2877 564 2932 in
589 2894 643 2933 usu
665 2874 836 2934 matrimonii
862 2892 894 2931 se
921 2875 1012 2942 vertit,
1039 2884 1070 2933 ut
1095 2894 1152 2934 uon
1178 2878 1296 2955 recipiat

206 2990 317 3039 semen,
331 2974 377 3030 vel
390 2975 483 3031 statim
503 2981 569 3049 post
581 2973 652 3031 illud
666 2981 816 3049 exceptum
831 2973 930 3048 surgit,
944 2982 976 3030 ut
994 2975 1163 3048 expellatur,
1184 2977 1296 3037 lethali·

208 3081 250 3127 ter
262 3082 376 3146 peccat;
397 3071 448 3129 sed
465 3089 539 3147 opus
559 3091 617 3129 nou
636 3081 679 3128 est
698 3081 729 3128 ut
749 3071 798 3129 diu
818 3072 954 3147 resupina
969 3071 1074 3146 jaceat,
1089 3091 1177 3144 quum
1192 3077 1295 3134 matrix

205 3169 285 3226 brevi
311 3189 410 3229 remen
430 3170 557 3238 attrabat,
584 3180 611 3228 et
638 3189 708 3228 mox
735 3171 892 3228 arctissime
913 3159 1067 3228 claudatur.
1109 3171 1217 3229 Pueuoe
1237 3174 1295 3233 vim

207 3268 324 3344 patienti
338 3269 404 3327 licet
417 3289 447 3326 se
462 3277 579 3337 vertere,
591 3279 623 3348 et
635 3270 742 3336 conari,
764 3279 865 3328 utnon
879 3269 996 3345 recipiat
1009 3286 1117 3336 semen,
1132 3270 1208 3342 quod
1222 3272 1296 3350 inju-

207 3367 248 3424 ria
281 3368 308 3424 ei
339 3368 515 3427 immittitur:
546 3367 597 3424 sed
617 3376 769 3446 exceptum
789 3388 848 3426 uon
868 3367 935 3425 licet
954 3367 1111 3444 expellere,
1139 3369 1205 3441 quia
1233 3372 1296 3448 jam

206 3468 420 3541 possessiouem
434 3466 582 3544 pacificam
596 3466 690 3536 hebet,
717 3476 746 3524 et
763 3467 839 3528 haud
860 3467 965 3539 absque
991 3466 1095 3544 injuria
1119 3477 1224 3530 uaturae
1245 3473 1296 3550 eji.

206 3575 324 3625 caretur.

248 3669 314 3724 105.
337 3665 487 3744 Coniuges
508 3684 592 3723 senes
612 3666 781 3743 plemmque
801 3673 905 3724 coeunt
918 3665 1025 3737 absque
1039 3665 1133 3743 culpa,
1148 3667 1215 3726 licet
1228 3688 1296 3730 eon·

205 3764 293 3842 tingat
305 3785 405 3825 semen
418 3776 498 3824 extra
511 3785 560 3823 vas
575 3764 695 3833 effundi,
715 3763 745 3823 id
765 3766 841 3825 enim
865 3783 917 3841 per
938 3764 1068 3823 accidens
1082 3765 1115 3824 tit
1127 3786 1164 3826 ex
1179 3769 1297 3827 infirmi·

207 3871 260 3920 tate
273 3875 388 3922 naturae.
429 3865 515 3932 Quod
529 3866 554 3924 si
568 3867 643 3925 vires
657 3864 729 3923 adeo
750 3865 808 3922 sint
826 3863 920 3922 fractae
941 3873 972 3921 ut
993 3864 1073 3922 nulla
1086 3865 1122 3921 sit
1135 3867 1296 3925 seminandi
1362 3938 1366 3946 Ι

207 3961 342 4018 intrares
355 3980 433 4037 spes,
443 3964 504 4040 jam
518 3971 663 4037 nequeunt
671 3964 736 4041 jure
747 3963 874 4040 conjugii
888 3962 938 4020 uti.

250 4062 316 4116 100.
337 4060 457 4130 Tactus,
471 4073 612 4136 aspectus,
637 4072 665 4118 et
684 4062 768 4118 verba
781 4062 872 4137 turpia
886 4062 959 4119 inter
979 4059 1127 4135 conjuges,
1142 4057 1248 4118 directa
1261 4064 1296 4122 ad
1344 4143 1345 4148 ἵ
1421 4117 1423 4123 .

207 4157 350 4233 copulam,
364 4160 573 4234 permittuntur,
595 4161 662 4234 quia
682 4160 769 4218 veluti
789 4159 883 4219 media
895 4166 963 4226 sunt
976 4155 1011 4215 ad
1027 4157 1113 4214 finem
1127 4158 1235 4219 licitum
1250 4163 1297 4222 ad-

185 4257 306 4332 ,hibita
349 4257 428 4316 Hinc
442 4258 508 4318 licet
521 4259 578 4316 illis
598 4278 629 4316 se
649 4259 771 4317 invicem
792 4261 830 4317 ita
848 4258 973 4316 excitare
993 4267 1024 4312 ut
1038 4257 1170 4333 copulam
1186 4258 1296 4320 facilius

206 4355 364 4434 perficiant.
407 4357 479 4424 Quae
493 4366 586 4416 autem
599 4358 634 4415 ad
647 4358 779 4436 copulam
800 4376 859 4416 non
871 4355 1041 4423 reseruntur,
1056 4365 1084 4412 et
1097 4355 1184 4417 solius
1199 4359 1297 4438 volup

207 4455 273 4513 tatis
294 4474 379 4514 causa
401 4457 481 4524 fiunt,
505 4443 562 4516 non
584 4456 728 4516 excedunt
747 4457 859 4534 culpam
879 4453 1032 4522 venialem,
1054 4455 1079 4513 si
1099 4463 1188 4515 tactus
1202 4477 1254 4533 per
1266 4479 1297 4519 se

207 4573 266 4615 uon
280 4555 316 4613 sit
329 4555 410 4615 valde
424 4555 528 4626 soedus,
543 4565 572 4615 et
584 4559 610 4616 si
623 4576 680 4617 non
696 4555 769 4614 adsit
782 4555 939 4634 periculum
956 4553 1131 4632 pollutionis,
1153 4556 1297 4632 Equidem

722 4658 785 4718 28*
1323 4663 1326 4667 '
