3124 5168
237 562 275 618 ts
363 555 419 616 DE
441 555 808 616 DISPOSITIONIBUS
827 555 1203 618 BAPTIZANDORUM.

234 725 354 784 minime
367 723 529 797 requiritur,
543 742 632 797 quum
646 732 762 800 peccata
781 731 846 782 ante
859 724 1031 800 baptismum
1045 725 1170 784 admissa
1182 745 1241 784 nou
1255 725 1320 784 sub·

231 825 347 901 jaceant
359 823 500 883 Ecclesiae
513 825 655 900 potestati,
670 822 722 882 sed
745 822 892 882 abluantur
905 823 982 882 unda
994 825 1127 882 salutari:
1149 837 1322 903 quapropter

235 940 298 982 mos
324 941 388 982 eam
413 922 557 1000 exigendi,
582 931 614 981 ut
638 924 750 982 animus
777 922 812 980 ad
832 923 950 999 gratiam
976 924 1109 999 baptismi
1135 923 1319 1000 disponatur3

234 1022 354 1082 omuino
379 1022 585 1101 improbandus
611 1031 663 1080 est.
706 1022 762 1079 “A
782 1021 983 1098 baptizandis”
1004 1023 1098 1097 inquit
1117 1022 1150 1080 S.
1179 1023 1321 1090 Thomas,

238 1128 326 1181 “non
338 1123 489 1194 requiritur
508 1121 639 1198 specialis
660 1122 803 1180 confessio
823 1131 1020 1198 peccatorum:
1041 1121 1094 1180 sed
1113 1120 1218 1179 sufficit
1236 1139 1321 1199 gene·

235 1221 314 1290 ralis,
334 1239 420 1294 quarn
444 1220 561 1300 faciunt,
587 1239 654 1280 cum
679 1219 835 1278 secundum
861 1221 947 1278 ritum
966 1220 1105 1280 Ecclesiae
1125 1221 1323 1280 abrenuntiant

235 1327 339 1376 samua
364 1327 393 1377 et
417 1320 550 1379 omuibus
570 1322 686 1397 pompis
709 1312 820 1398 ejus.”¹
862 1319 1009 1397 Equidem
1029 1321 1099 1384 olim
1121 1320 1225 1377 alicubi
1247 1329 1321 1377 cate·

235 1417 372 1477 chumeni
385 1417 515 1478 solebant
527 1419 658 1478 confiteri
671 1427 799 1497 peccata,
821 1417 1025 1478 humiliationis
1046 1438 1148 1487 causa;
1169 1417 1220 1476 scd
1233 1436 1322 1493 quum

236 1517 286 1576 illa
305 1518 418 1594 pietatis
441 1520 576 1577 exercitia
596 1520 709 1578 mutatis
734 1519 909 1594 temporibus
931 1537 989 1576 non
1008 1519 1230 1592 frequententur,
1252 1535 1322 1574 are·

236 1625 318 1692 cepta
343 1617 493 1694 disciplina
512 1619 673 1676 nullatenus
693 1627 736 1676 est
757 1616 966 1676 recedendum:
988 1637 1024 1677 ue
1047 1619 1160 1696 gravius
1180 1635 1252 1675 onus
1272 1617 1323 1674 im·

235 1724 359 1794 ponatur
384 1716 518 1776 accedere
538 1718 698 1776 volentibus
725 1717 760 1775 ad
785 1718 970 1793 baptismum,
997 1735 1054 1790 quo
1080 1725 1250 1784 terreantur;
1276 1715 1322 1773 vel

236 1833 314 1875 error
333 1816 447 1892 irrepat,
471 1835 568 1876 eorum
589 1826 706 1894 peccata
725 1815 887 1874 necessarii
908 1834 972 1873 esse
995 1815 1180 1874 declaranda:
1208 1815 1252 1872 vel
1266 1814 1322 1891 ipsi

237 1913 346 1992 pudore
357 1914 517 1993 prepediti,
533 1916 662 1989 quaedam
672 1914 765 1973 celent
777 1923 874 1972 conha
887 1915 1068 1973 conscientia
1077 1915 1228 1982 dictamen,
1243 1923 1271 1970 et
1283 1915 1323 1972 ita

235 2013 372 2072 accedant
382 2013 458 2072 haud
471 2017 523 2073 rite
538 2016 680 2092 dispositi.
723 2013 894 2074 Volentibus
908 2013 1038 2072 confiteri
1061 2013 1202 2089 indulgeri
1218 2021 1321 2089 potest,

233 2112 318 2190 juxta
341 2111 373 2169 S.
398 2113 562 2173 Thomam:
585 2114 648 2172 “Si
668 2114 718 2187 qui
739 2127 834 2171 nmen
853 2111 1025 2189 baptizandi,
1047 2131 1085 2171 ex
1107 2112 1259 2171 devotione
1273 2130 1325 2168 sua
1364 2107 1368 2114 ’

234 2218 352 2288 peccata
376 2211 504 2272 confiteri
524 2213 638 2282 vellent,
661 2221 737 2272 esset
758 2231 856 2272 eorum
877 2211 1022 2270 confessio
1041 2210 1192 2280 audienda,
1215 2229 1274 2269 non
1287 2209 1322 2267 ad

235 2309 291 2370 hoc
304 2308 381 2383 quod
393 2311 436 2368 eis
450 2313 603 2372 satisfactio
617 2315 827 2390 imponeretur3
849 2310 900 2369 sed
920 2310 1025 2370 adhoc
1048 2312 1125 2385 quod
1145 2319 1243 2370 contra
1255 2329 1321 2386 pac·

236 2419 300 2470 cata
312 2419 449 2469 consueta
460 2412 503 2469 eis
517 2413 670 2491 spiritualis
684 2413 844 2472 informatio
858 2413 922 2470 vitae
936 2401 1141 2470 traderetur.”²

276 2515 325 2574 37.
347 2509 393 2568 Ad
417 2511 589 2588 baptismum
615 2530 700 2571 nemo
720 2511 910 2570 admittendus
936 2512 1049 2582 estqui
1075 2511 1110 2568 de
1136 2510 1229 2582 aliqua
1254 2507 1323 2566 fidei

236 2609 364 2669 doctriua
389 2607 512 2667 dubitat:
535 2619 707 2686 quapropter
731 2609 863 2666 sacerdos
884 2609 1026 2683 baptizare
1052 2609 1151 2680 nequit
1175 2609 1323 2666 hominem

235 2708 286 2781 qui
298 2706 471 2781 baptismum
490 2707 682 2766 necessarium
703 2725 767 2763 esse
789 2706 899 2774 fatetur,
920 2705 972 2764 sed
995 2705 1049 2764 alia
1069 2707 1159 2783 rejicit
1179 2706 1322 2782 dogmata.

220 2804 293 2886 ‘Qui
306 2803 401 2861 animo
420 2822 479 2862 nou
501 2814 545 2863 est
566 2813 679 2881 paratus
694 2803 752 2864 Dei
772 2813 801 2862 et
813 2804 953 2863 Ecclesiae
973 2803 1105 2862 mandata
1118 2813 1240 2874 seruare,
1255 2805 1324 2881 bap·

232 2900 363 2962 dzandus
383 2920 442 2960 non
461 2912 514 2972 est,
529 2923 594 2963 nam
618 2923 685 2962 eum
707 2914 889 2982 peccatorum
908 2923 967 2964 uon
984 2905 1112 2981 penitet,
1127 2905 1176 2980 qui
1189 2903 1323 2964 violando

235 3002 367 3064 mandata
379 3003 410 3061 in
423 3012 570 3080 posterum
583 3023 702 3081 peccare
716 3005 858 3091 proponit.

274 3107 324 3162 38.
347 3102 405 3170 Qui
418 3103 448 3162 iu
468 3106 554 3163 sectis
577 3105 629 3163 rite
649 3104 785 3181 baptizati
806 3113 882 3175 sunt,
905 3105 935 3162 in
956 3103 1117 3163 Ecclesiam
1141 3103 1323 3162 admittuntur

234 3205 340 3282 praevia
359 3203 426 3262 fidei
446 3205 634 3280 professione,
650 3204 735 3280 juxta
753 3204 874 3264 formam
896 3223 912 3261 a
931 3204 987 3262 Pio
1007 3203 1061 3262 lV.
1075 3205 1280 3282 prescriptam,
1295 3210 1324 3258 et

234 3305 273 3360 ita
286 3302 472 3362 absolvuntur
490 3324 507 3361 a
527 3304 673 3362 censuris:
696 3305 862 3380 poeuitcntia
881 3304 910 3362 in
931 3322 1013 3362 sacro
1033 3305 1166 3364 tribunali
1187 3303 1322 3378 deinceps

235 3399 382 3478 expiandi.
425 3401 543 3468 Quoties
565 3405 601 3462 ob
614 3403 733 3462 dubium
756 3404 881 3463 valorem
901 3404 1036 3480 baptismi
1055 3406 1085 3463 in
1108 3405 1193 3461 sectis
1216 3401 1320 3468 collati,

235 3502 393 3578 baptismus
420 3504 474 3560 sub
493 3503 656 3562 conditione
677 3502 820 3562 iterandus
846 3514 899 3571 est,
926 3504 968 3560 uti
987 3505 1155 3580 plerumque
1174 3501 1321 3577 contingit,

155 3602 162 3612 '
235 3600 411 3658 caeremoniae
437 3619 539 3659 omnes
564 3603 595 3659 in
615 3602 722 3660 Rituali
738 3603 869 3662 Romano
892 3602 1065 3678 praescriptae
1084 3598 1230 3657 servandae
1245 3609 1322 3666 sunt,
1353 3651 1357 3657 .

234 3698 292 3757 nisi
305 3694 375 3756 alids
388 3699 526 3776 episcopo
545 3699 687 3760 videatur:
709 3701 846 3779 deinceps
869 3700 998 3759 facienda
1018 3710 1062 3758 est
1082 3698 1149 3757 fidei
1168 3697 1321 3774 professio,

235 3807 264 3856 et
282 3795 424 3856 absolutio
438 3818 454 3856 a
467 3801 595 3859 censuris
615 3799 724 3860 danda:
746 3812 846 3879 postea
866 3801 975 3878 privata
994 3800 1026 3858 fit
1047 3806 1229 3876 peccatorum
1253 3816 1321 3857 con·

235 3898 324 3958 fessio
337 3896 372 3956 ad
386 3898 499 3956 veniam
514 3899 731 3976 impetrandam,
752 3903 777 3959 si
790 3903 863 3960 forte
876 3900 995 3958 valuerit
1007 3899 1166 3976 baptismus
1179 3898 1248 3956 olim
1262 3915 1323 3958 sus·

235 4009 350 4076 ceptus:
372 3998 495 4072 denique
509 3999 544 4057 ad
554 4000 767 4060 Eucharistiam
781 4001 863 4060 datur
875 4017 1017 4058 accessus.

274 4102 323 4157 39.
347 4098 406 4166 Qui
427 4098 599 4176 baptismum
621 4101 783 4177 suscipiunt
800 4099 877 4176 haud
896 4099 949 4156 rite
972 4099 1115 4176 dispositi,
1130 4100 1218 4176 gratia
1231 4115 1322 4156 sacra·

235 4199 324 4280 menti
337 4209 444 4270 carent,
468 4200 597 4274 quamvis
618 4201 763 4259 character
783 4201 817 4260 iis
837 4197 1031 4275 imprimatur:
1054 4198 1106 4257 sed
1119 4209 1227 4256 remoto
1240 4181 1340 4255 obice'

233 4315 285 4373 per
296 4300 503 4374 poeniteutiam,
519 4301 633 4359 veniam
646 4277 808 4378 impetrant,
824 4299 893 4374 quin
906 4317 1024 4359 necesse
1038 4301 1076 4358 sit
1087 4299 1191 4357 referre
1204 4304 1322 4372 peccata

351 4516 393 4581 (ι)
412 4531 446 4565 ιιι
456 4532 481 4581 p.
489 4533 530 4580 qu.
541 4519 616 4570 nan
628 4529 671 4572 aa
683 4523 714 4578 u.
748 4522 825 4591 nep.
1033 4523 1074 4589 (a)
1090 4505 1189 4570 nisam.
