3124 5168
260 565 298 624 ld
440 559 498 621 DE
519 556 829 622 MINISTRANDIS
849 555 1161 618 SAORAMENTIS.

693 1011 836 1074 CAPUT
855 1012 910 1075 1v.

545 1230 584 1270 DE
605 1230 819 1272 nlurs'rrrartms
839 1227 1056 1270 sacramentnm.

297 1393 346 1449 ³1.
369 1387 501 1448 Graviter
512 1407 631 1467 peccare
650 1392 812 1451 ministrum
832 1390 881 1464 qui
901 1387 1026 1466 indignis
1046 1395 1221 1444 sacramenta
1240 1395 1346 1445 temere

258 1497 382 1566 prestat,
402 1487 523 1547 dubitari
542 1492 651 1564 nequit,
677 1491 790 1550 dicente
811 1488 947 1547 Christo:
973 1485 1103 1544 “Nolite
1128 1495 1256 1544 sanctum
1279 1484 1346 1544 dare

258 1588 375 1648 canibus
385 1583 432 1656 ;‘'¹
445 1596 473 1645 et
485 1589 643 1666 Apostolo:
666 1598 685 1625 ‘⁶
695 1589 754 1647 Hic
770 1589 833 1666 jam
853 1589 986 1661 quaeritur
1005 1587 1078 1644 inter
1091 1584 1303 1663 dispensatores
1316 1593 1348 1643 ut

258 1687 351 1746 fidelis
372 1688 436 1761 quis
458 1681 667 1746 inveniatur.'’²
707 1687 852 1745 Caeterum
874 1705 932 1746 non
951 1684 1050 1744 eadem
1065 1685 1094 1742 in
1107 1685 1241 1744 omnibus
1255 1702 1348 1742 sacra·

259 1787 364 1846 mentis
390 1785 523 1862 exigitur¹
540 1784 577 1844 de
602 1786 739 1864 dignitate
765 1786 886 1864 petentis
911 1784 1061 1844 certitudo.
1115 1784 1149 1843 In
1176 1784 1348 1860 poenitentiae

260 1884 401 1954 tribunali,
423 1902 513 1958 quum
535 1885 667 1944 sacerdos
688 1884 796 1964 judicis
817 1883 913 1943 officio
939 1883 1082 1961 fungatur,
1102 1891 1211 1943 mature
1231 1901 1263 1940 ae
1284 1901 1349 1962 pru-

259 1985 358 2044 denter
392 1983 476 2042 debet
501 1985 619 2043 scrutari
644 1985 808 2062 poenitentis
834 1983 971 2052 animum,
999 1992 1151 2055 antequam
1178 1981 1350 2040 sententiam

260 2082 444 2141 absolutionis
458 2082 589 2158 proferat.
631 2082 666 2141 In
685 2083 749 2140 aliis
772 2083 955 2141 sacramentis
978 2082 1123 2160 pmdentis
1144 2080 1350 2156 dispensatoris

260 2179 385 2240 officium
399 2178 579 2257 implendum
590 2189 646 2248 est,
660 2180 739 2254 quod
752 2190 828 2238 vetat
840 2198 876 2237 ne
889 2181 1003 2258 publice
1017 2181 1143 2259 indignis
1159 2180 1268 2239 dentur.

300 2283 350 2338 32.
371 2277 491 2337 Publice
504 2279 616 2358 indigni
629 2288 694 2338 sunt
706 2280 741 2338 de
756 2297 878 2354 quorum
898 2279 1064 2340 criminibus
1086 2279 1252 2358 poenitentia
1270 2277 1350 2336 haud

261 2377 380 2439 sublatis
399 2379 518 2437 omnino
537 2387 657 2446 constat,
678 2379 726 2438 vel
740 2397 777 2438 ex
791 2378 896 2457 judicis
917 2380 1067 2450 sententia,
1087 2380 1133 2438 vel
1145 2379 1186 2438 rei
1199 2376 1350 2445 evidentia,

261 2479 306 2538 vel
332 2478 409 2537 sama
435 2479 582 2537 communi
602 2487 630 2537 et
649 2487 735 2538 certa.
778 2479 836 2546 Qui
854 2479 949 2555 palam
976 2478 1163 2552 deliquemnt‚
1190 2474 1353 2536 confitendo

262 2577 393 2638 videntur
406 2578 532 2636 animum
543 2579 726 2654 poenitentem
737 2576 875 2656 prodere:
890 2576 941 2634 sed
954 2578 984 2634 in
994 2575 1170 2652 gravissimis
1184 2577 1353 2643 sceleribus,

262 2693 326 2749 que
352 2674 544 2742 innotuemnt‚
565 2677 673 2755 majora
699 2676 806 2735 doloris
826 2673 931 2731 indicia
955 2673 1123 2750 plerumque
1144 2671 1353 2733 desiderantur.

263 2773 297 2845 Si
312 2772 421 2831 crimen
440 2773 478 2830 sit
496 2781 615 2844 eertum,
638 2784 667 2833 et
685 2775 770 2835 dubia
782 2761 959 2852 poenitentia,
973 2780 1105 2850 peccator
1116 2771 1248 2848 publicus
1261 2771 1356 2849 repel-

262 2868 365 2930 lendus
384 2879 437 2940 est,
458 2871 549 2932 donee
575 2855 619 2930 de'
633 2872 831 2934 emendatione
851 2872 919 2930 satis
945 2877 1071 2930 constet:
1093 2869 1171 2944 quod
1196 2869 1354 2930 dicendum

263 2970 376 3028 etiamsi
389 2970 497 3031 crimen
510 2972 625 3032 nonnisi
637 2992 689 3051 per
702 2973 807 3033 indicia
818 2971 1000 3032 vehementia
1012 2971 1179 3029 innotescat.
1221 2969 1352 3029 Dubium

263 3069 371 3150 crimen
384 3088 442 3129 non
455 3070 560 3131 sufficit
577 3080 609 3129 nt
627 3081 837 3132 sacramentum
857 3070 1029 3148 denegetur;
1050 3068 1101 3126 sed
1115 3070 1144 3127 in
1158 3069 1351 3137 matrimonio,

264 3170 289 3228 si
303 3168 538 3248 impedimentum
552 3188 650 3230 secum
665 3171 764 3239 trahat,
786 3178 830 3228 est
848 3171 920 3228 ratio
940 3185 990 3226 cur
1003 3167 1149 3226 differatur
1162 3166 1197 3225 ad
1211 3167 1354 3242 inquiren·

264 3265 348 3323 dum:
371 3265 446 3337 quod
460 3267 535 3324 etde
548 3267 647 3326 ordine
661 3266 812 3328 dicendum
826 3275 879 3326 est.
1238 3327 1240 3332 .

303 3366 352 3420 33.
376 3362 466 3422 Nullo
479 3374 566 3435 metu,
581 3368 666 3425 etiam
680 3367 789 3437 mortis,
802 3367 870 3425 licet
882 3375 1092 3426 sacramentum
1105 3365 1219 3444 publice
1234 3364 1353 3442 indigno

263 3461 421 3522 ministrare
433 3457 456 3532 3³
476 3481 541 3526 nam
554 3465 673 3526 infidum
687 3466 913 3546 dispensatorem
934 3484 966 3522 se
986 3464 1089 3540 prodit,
1100 3465 1150 3539 qui
1164 3465 1217 3522 sibi
1230 3464 1354 3523 consulit

264 3579 330 3619 oum
342 3563 469 3629 muneris
482 3565 527 3620 sui
540 3563 701 3640 dispendio.
743 3566 786 3624 Ita
806 3563 892 3620 sentit
911 3563 943 3620 S.
966 3561 1134 3638 Alphonsus
1155 3572 1254 3622 contra
1267 3564 1349 3622 alios.

265 3657 344 3716 Hinc
368 3659 492 3735 principi
511 3661 608 3718 uxoris
629 3661 747 3719 nomine
772 3660 903 3720 retinenti
928 3661 1089 3731 mulierem,
1109 3660 1237 3740 legitima
1263 3680 1352 3722 uxore

265 3757 385 3834 abjecta,
400 3757 582 3816 Eucharistia
601 3759 752 3836 praebenda
772 3779 831 3820 non
845 3760 926 3827 foret,
947 3761 1014 3819 licet
1034 3761 1167 3820 sacerdos
1184 3761 1354 3840 previderat

265 3874 297 3916 se
312 3854 420 3915 ideireo
433 3856 669 3917 interficiendum.
1335 3848 1340 3856 ’

305 3959 355 4016 34.
378 3953 499 4015 Ordines
513 3975 609 4016 sacros
622 3956 805 4035 denegandos
820 3955 961 4035 peccatori
981 3957 1092 4016 occulto
1112 3957 1226 4035 publice
1247 3960 1354 4036 petenti

266 4055 349 4116 docet
374 4055 406 4116 S.
434 4055 612 4132 Alphonsus‚
640 4054 754 4130 quando
779 4057 897 4126 seilicet,
924 4067 1003 4116 extra
1028 4054 1250 4126 confessionem,
1276 4058 1355 4116 novit

266 4155 418 4233 episcopus
440 4174 506 4215 eum
528 4175 592 4216 esse
619 4154 785 4234 indiguum3
806 4175 872 4216 nam
892 4157 1029 4233 episcopo
1050 4155 1206 4236 injungitur
1230 4165 1262 4215 ut
1288 4155 1354 4215 “de

266 4252 395 4327 ipsorum
422 4256 643 4316 ordinandorum
668 4255 818 4324 natalibus,
840 4264 931 4324 atate,
957 4255 1084 4316 moribus
1110 4266 1139 4315 et
1163 4257 1232 4325 vita,
1254 4275 1270 4314 a
1295 4255 1354 4316 fide

435 4422 473 4482 (l)
491 4423 551 4474 Mat.
562 4424 604 4476 vii.
616 4426 639 4474 6.
961 4425 998 4485 (2)
1024 4422 1107 4475 lilor.
1118 4423 1150 4472 iv.
1161 4424 1185 4472 2.

647 4510 690 4576 (8)
710 4508 736 4557 S.
747 4507 822 4574 Alpb.
833 4507 881 4562 lvi.
892 4523 917 4558 n.
928 4509 969 4557 49.
