3124 5168
235 531 286 616 ιι
589 556 646 614 un
667 555 967 616 srousonmus.

237 723 365 782 doctores
391 721 497 792 requiri
519 720 673 798 physicum
694 721 863 791 contactum,
897 723 997 780 saltem
1023 741 1076 799 per
1101 701 1323 800 procuratorem,

237 821 304 878 dum
324 820 482 894 baptismus
505 821 659 888 confertur,
680 821 726 878 vel
747 822 840 878 statim
861 829 970 897 postea,
991 821 1113 878 levando
1134 822 1269 879 insantcm
1290 817 1324 875 de

237 919 326 986 fonte,
353 935 419 975 uam
441 904 559 995 jusquo
580 918 812 994 impedimentum
833 921 1020 988 constituitur,
1041 919 1184 998 ejusmodi
1204 917 1324 976 vocibus

238 1036 301 1090 quae
315 1025 476 1074 contactum
490 1017 653 1094 significant
664 1013 783 1074 utitur:¹
803 1029 975 1095 quapropter
996 1019 1045 1092 qui
1064 1017 1154 1076 adstat
1166 1033 1195 1075 et
1207 1034 1325 1091 respon·

238 1115 295 1184 det,
310 1116 379 1188 quin
393 1124 518 1191 apponat
530 1134 656 1183 manum,
671 1134 729 1172 non
742 1125 874 1174 censetur
886 1135 1018 1194 sponsor.

278 1218 326 1272 50.
348 1212 588 1289 Impedimentum
602 1215 779 1290 cognationis
793 1216 946 1290 spiritualis
962 1215 1133 1273 contrahitur
1152 1214 1325 1291 asponsori·

237 1314 289 1370 bus
300 1312 375 1368 sicut
387 1321 415 1369 et
429 1331 445 1369 a
457 1313 629 1388 baptizante,
651 1313 745 1384 quoad
766 1313 936 1389 baptizatum
956 1315 1051 1390 ipsum
1072 1324 1101 1370 et
1123 1313 1198 1371 illius
1211 1322 1322 1390 patrem

236 1405 423 1469 etmatrem.²
1168 1471 1170 1475 ,

274 1513 324 1567 51.
346 1509 381 1570 In
394 1511 503 1588 privato
516 1513 666 1588 baptismo,
681 1514 732 1585 qui
745 1513 777 1570 fit
790 1514 852 1572 sine
873 1514 1061 1581 caeremoniis,
1075 1531 1132 1571 nou
1146 1510 1323 1571 contrahitur

238 1608 473 1685 impedimentum
499 1630 515 1667 a
534 1613 731 1685 sponsoribus,
748 1614 833 1689 juxta
852 1614 1020 1672 sententiam
1047 1611 1273 1670 communiorem
1296 1615 1325 1665 et

237 1708 467 1784 probabiliorem,
478 1707 576 1785 judice
590 1709 622 1766 S.
637 1710 788 1785 Alphonso
798 1703 822 1766 :³
835 1712 958 1788 quiajos
968 1710 1136 1782 loquiturde
1150 1707 1323 1785 suscipiente

237 1823 374 1866 exsecro
397 1807 486 1874 fonte,
512 1806 587 1878 quod
609 1808 774 1884 intelligitur
794 1809 829 1866 de
849 1809 989 1885 baptismo
1004 1809 1136 1867 solemni.
1179 1806 1323 1864 Ceterum

238 1905 475 1987 quandocumque
494 1905 566 1962 fiunt
578 1907 764 1974 caeremoniae,
785 1907 898 1965 videtur
917 1907 1055 1975 contrahi,
1079 1907 1145 1978 quia
1165 1906 1324 1981 baptismus

236 2012 280 2061 est
292 2004 446 2062 solemnis:
468 2003 545 2076 quod
559 2015 651 2064 autom
666 2023 793 2082 persaepe
814 2005 889 2082 apud
911 2024 975 2072 nos,
996 2024 1060 2063 rure
1080 2005 1248 2081 presertim,
1263 2019 1323 2060 non

236 2100 286 2158 liat
307 2103 381 2178 apud
403 2121 515 2159 sacrum
535 2102 652 2171 fontem,
675 2124 734 2163 non
749 2105 851 2162 obstat.
893 2104 1049 2180 Baptizans
1069 2113 1163 2161 autem
1186 2099 1325 2160 contrahit

235 2202 435 2275 cognationem
448 2201 532 2258 etiam
550 2201 580 2257 in
601 2203 710 2279 privato
733 2196 902 2279 baptismo.‘¹
941 2203 1193 2261 Parentes-tamen
1217 2202 1324 2273 quiex

235 2301 405 2358 necessitate
419 2318 487 2357 suos
507 2299 652 2375 baptizant
673 2303 759 2370 filios,
782 2303 924 2359 immunes
949 2302 1154 2378 impedimento
1174 2299 1322 2363 habentur,

234 2416 302 2455 nam
323 2398 521 2474 “inculpabile
537 2392 724 2474 judicandum
733 2400 810 2474 quod
822 2401 978 2459 necessitas
992 2393 1134 2460 intulit.''⁵
1162 2395 1324 2475 Ignorantia
1374 2394 1380 2406 ‘

155 2477 163 2487 ’
234 2497 320 2554 etiam
334 2515 383 2555 eos
397 2506 525 2555 excusat.
558 2497 643 2564 Quod
656 2499 681 2556 ri
695 2509 800 2556 temere
813 2500 958 2574 baptizent
970 2517 1037 2556 suos
1051 2499 1184 2565 infantes,
1206 2502 1324 2573 peccant

234 2595 371 2670 graviter:
386 2595 436 2653 sed
444 2613 584 2652 canonum
596 2599 775 2668 antiquorum
785 2597 864 2676 rigor
875 2598 1017 2672 mitigatus
1031 2607 1084 2665 est,
1093 2596 1214 2666 ideoque
1230 2603 1249 2631 “
1261 2596 1322 2652 sive

233 2710 271 2749 ex
285 2693 451 2766 ignorantia,
467 2693 526 2749 sive
540 2711 577 2748 ex
591 2693 696 2751 malitia
710 2693 738 2750 id
751 2693 879 2760 fecerint,
895 2713 952 2752 non
974 2702 1041 2751 sunt
1059 2695 1093 2750 ab
1113 2694 1237 2750 invicem
1257 2711 1321 2768 sep·

160 2824 162 2828 ·
234 2789 341 2857 arandi,
363 2809 416 2848 nec
430 2790 499 2847 alter
518 2791 598 2847 alteri
620 2790 743 2848 debitum
763 2791 847 2848 debet
859 2786 1073 2850 subtrahere.”⁶
1114 2791 1246 2850 Graviter
1258 2809 1322 2867 pro·

233 2887 365 2947 hibentur
385 2898 515 2965 parentes
540 2890 650 2965 prolem
673 2891 816 2966 propriam
842 2892 997 2968 suscipere,
1025 2909 1112 2962 quum
1139 2891 1322 2950 contrahatur

234 2987 390 3065 spiritualis
405 2990 547 3065 cognatio,
562 3005 624 3061 quoe
639 2989 756 3066 impedit
768 3009 854 3048 usum
868 2983 1068 3049 matrimonii.⁷
1095 2991 1128 3049 Si
1140 2991 1235 3049 nullus
1250 2989 1321 3047 alius

234 3088 271 3145 sit
283 3088 333 3161 qui
346 3107 463 3147 munere
477 3088 526 3146 illo
539 3087 679 3165 fungatur,
694 3098 807 3164 praestat
820 3091 928 3163 absque
942 3109 1080 3167 sponsore
1092 3091 1247 3167 baptizare.

273 3191 321 3246 52.
344 3188 378 3247 In
392 3189 533 3264 baptismo
554 3189 655 3256 collato
675 3189 735 3245 sub
749 3188 923 3257 conditione,
944 3190 993 3246 ubi
1019 3189 1127 3247 “nulla
1145 3197 1228 3266 urget
1246 3185 1317 3245 ratio
1422 3178 1424 3181 ⁸

233 3303 285 3360 pro
305 3287 400 3344 valore
426 3287 573 3344 anterioris
600 3285 765 3361 baptismi,”
793 3288 967 3347 contrahitur
986 3289 1129 3364 cognatio,
1157 3289 1225 3361 quia
1249 3303 1320 3362 prae·

233 3384 359 3459 sumptio
380 3384 457 3443 favet
478 3383 594 3442 secundi
615 3385 750 3460 baptismi
771 3386 875 3444 valori:
897 3405 979 3445 secus
1001 3387 1113 3446 videtur
1125 3385 1280 3451 nonnullis,
1295 3384 1320 3439 si

232 3484 417 3560 presumptio
431 3484 523 3541 saveat
535 3483 632 3560 priori,
652 3485 693 3542 uti
714 3484 881 3559 plerumque
902 3465 1049 3560 contingit,
1070 3484 1197 3542 secundo
1217 3482 1319 3542 oollato

233 3579 268 3635 ad
281 3582 418 3657 majorem
432 3573 636 3638 ειιοιιιίιιιιιιιι.8

271 3682 320 3734 53.
343 3679 375 3735 si
389 3696 425 3735 ex
440 3696 535 3736 errore
549 3680 613 3750 quis
627 3680 785 3755 susceperit
795 3680 881 3738 alium
895 3700 947 3757 pro
961 3684 1027 3748 alio,
1039 3692 1138 3738 censet
1147 3682 1180 3739 S.
1192 3661 1320 3756 Alphon·

231 3794 280 3834 sus
304 3795 369 3835 eum
390 3774 557 3834 contrahere
583 3779 783 3853 cognationem
804 3797 869 3838 cunr
893 3798 1034 3854 ecquem
1057 3796 1159 3856 reapse
1181 3777 1317 3854 suscepit,

233 3876 317 3934 “nisi
339 3875 386 3935 ille
407 3875 508 3934 habeat
531 3893 697 3953 expressam
718 3877 905 3939 intentionem
925 3897 984 3938 uon
1007 3879 1122 3939 tenendi
1145 3878 1242 3947 alium,
1264 3877 1320 3935 nisi

232 3993 317 4051 quem
331 3974 451 4035 intendit
463 3969 658 4056 suscipere.”⁹

267 4145 310 4211 (l)
330 4144 394 4194 Vide
405 4142 431 4192 S.
443 4143 517 4208 Alph.
532 4144 547 4194 l.
560 4144 590 4192 ri.
602 4159 627 4194 n.
642 4145 697 4192 148.
788 4147 800 4211 (

266 4230 309 4295 (3)
330 4228 356 4276 S.
367 4228 466 4293 Alph.t.
478 4230 509 4279 vi.
522 4245 547 4278 n.
562 4230 617 4278 149.
789 4232 800 4296 (

264 4314 307 4378 (a)
328 4312 390 4376 Cap.
399 4313 439 4363 nd
450 4314 542 4374 limina,
555 4319 579 4364 7.
595 4313 685 4364 Causa.
698 4331 758 4366 xxx.
770 4332 793 4379 q.
805 4317 821 4364 i.

280 4397 308 4460 6)

802 4147 830 4212 2)
850 4145 918 4195 Trid.
930 4147 995 4198 Sese.
1006 4147 1075 4198 xxia.
1088 4162 1141 4212 cap.
1152 4146 1176 4197 it
1188 4145 1218 4198 de
1230 4144 1286 4214 Res.

802 4232 830 4297 t)
851 4231 951 4283 Ibidem.

266 4397 277 4460 (
329 4396 390 4460 Gap.
402 4397 429 4445 Si
442 4398 485 4446 vir.
497 4399 669 4470 2.decogaot.
679 4400 742 4470 spir.
790 4402 801 4465 (

790 4487 800 4554 (

821 4401 832 4466 )
852 4400 868 4449 i.
880 4408 904 4449 et
915 4401 946 4450 iv.
958 4417 1024 4451 caus.
1036 4417 1096 4450 xxx.
1107 4399 1175 4466 qul.

267 4481 309 4546 (8)
329 4479 356 4527 S.
367 4479 442 4543 Alpb.
453 4481 510 4531 lvi.
522 4499 547 4532 n.
560 4487 614 4533 151.
821 4487 831 4551 )

803 4404 818 4448 7

803 4488 818 4534 9
852 4485 951 4545 Ibidem,
962 4503 987 4536 n.
1001 4489 1056 4536 152.
