3108 5162
398 529 457 588 DE
479 529 800 590 IMPEDIMENTIS
822 529 1096 590 MATRIMONII.
1235 535 1291 590 351

247 699 314 754 185.
337 697 378 755 Ut
389 698 485 757 locum
498 698 599 756 habeat
611 697 763 774 disciplina
776 697 955 765 Tridentino,
976 697 1112 773 parochia
1125 697 1163 755 sit
1174 713 1294 754 necesse

203 807 257 863 est,
271 807 300 853 et
312 797 471 874 parochns;
492 817 557 856 nam
575 797 607 854 S.
629 797 797 875 Alphonsus
818 796 1033 854 animadvertit:
1056 797 1190 854 “Sinon
1205 796 1297 873 possit

204 896 235 953 in
256 895 357 968 aliquo
372 898 479 974 oppido
503 897 601 954 haberi
624 907 730 972 pastor,
754 905 802 953 aut
821 896 892 955 aliur
917 915 1019 972 gerens
1039 897 1102 973 ejus
1123 896 1211 964 vices,
1226 906 1293 953 tunc
1314 949 1316 956 .

205 993 329 1054 validum
349 1005 393 1052 est
413 996 624 1054 matrimonium
645 997 747 1053 initum
768 1014 833 1053 cunr
858 997 975 1053 testibus
995 997 1057 1054 sine
1080 994 1214 1072 parocho.
1256 993 1297 1051 Et

204 1093 348 1170 probabile
362 1093 390 1151 id
404 1105 502 1170 putant
515 1095 768 1162 salmanticenses,
790 1104 905 1171 propter
924 1094 1064 1167 quandam
1079 1093 1295 1154 declarationem

204 1190 365 1250 Clementis
380 1193 539 1271 vib-apud
555 1193 699 1262 Coninclr,
715 1195 782 1268 qnia
792 1203 858 1251 tunc
872 1194 918 1252 vel
931 1212 989 1252 non
1003 1193 1083 1251 adest
1095 1195 1134 1251 ibi
1147 1193 1293 1270 parochia,

204 1290 248 1349 vel
274 1292 314 1349 ibi
334 1310 392 1350 non
419 1293 500 1351 durat
525 1295 714 1370 promulgatio
741 1292 914 1361 Tridentini,
942 1293 1071 1365 quamvis
1094 1293 1167 1350 sacta
1192 1294 1294 1358 suerit,

204 1388 346 1448 destructa
359 1393 443 1450 etiem
459 1392 602 1469 parochia,
617 1403 750 1451 censetur
762 1392 902 1450 destructa
922 1392 1111 1469 promulgatio
1124 1391 1218 1463 quoad
1231 1393 1295 1468 ejus

205 1487 380 1548 valorem.’'¹
409 1491 443 1549 Id
457 1493 540 1568 igitur
554 1511 606 1568 pro
619 1511 649 1551 re
663 1493 812 1570 explorata
825 1491 971 1559 habemus,
985 1491 1078 1568 legam
1093 1489 1293 1549 Tridentinam

205 1587 240 1645 ad
255 1607 288 1645 ea
301 1592 399 1648 arctari
410 1592 472 1649 loca
486 1593 516 1650 in
537 1592 782 1670 quibus'paroeciae
796 1600 894 1648 ereotae
909 1603 985 1659 snut,
1001 1590 1047 1648 vel
1066 1590 1193 1648 ccclesiae
1206 1591 1294 1647 instar

204 1688 424 1764 parochialium,
446 1690 521 1767 apud
542 1709 613 1763 qnae
634 1691 764 1749 sacerdos
784 1700 845 1749 actu
871 1688 987 1757 residet,
1008 1709 1104 1747 curam
1117 1709 1219 1766 gerens
1234 1689 1293 1747 ani·

203 1806 316 1846 marum
331 1790 403 1847 intra
417 1790 581 1867 designatos
595 1790 718 1848 limites:
741 1810 797 1848 non
811 1798 905 1849 antem
919 1789 1061 1866 respicere
1079 1789 1216 1848 ecclesias
1230 1807 1293 1862 qua

202 1905 265 1943 rure
280 1888 350 1946 etin
364 1890 548 1947 missionibus
563 1891 671 1965 passim
685 1899 784 1948 erectae
798 1901 873 1947 sunt.

245 1990 311 2044 186.
335 1988 418 2054 Quod
433 1990 530 2047 attinet
550 1988 584 2046 ad
599 1991 778 2047 matrimonia
791 1989 891 2056 mixta,
912 1989 958 2046 vel
978 2007 1042 2061 quae
1060 1988 1133 2046 inter
1145 1987 1293 2046 hereticos

204 2085 346 2155 ineuntur,
360 2088 389 2145 in
403 2088 475 2146 locis
489 2089 537 2146 ubi
552 2089 666 2165 publice
681 2098 817 2147 exercent
836 2107 916 2147 enam
930 2087 1107 2164 religionem,
1135 2096 1164 2143 et
1176 2086 1296 2144 cotibus

202 2182 341 2245 distinctis
368 2197 584 2264 congregantur,
617 2188 681 2265 lege
717 2187 887 2246 Tridentina
912 2207 970 2245 non
1003 2185 1292 2263 comprehenduntur,

202 2281 274 2342 adeo
287 2294 318 2342 ut
331 2285 441 2342 valeant
460 2287 565 2363 nuptiae
588 2287 756 2363 hujusmodi
775 2289 882 2357 absque
903 2286 1020 2362 parochi
1034 2287 1194 2361 praesentia,
1210 2285 1294 2342 etiam

202 2382 233 2439 in
259 2383 331 2442 locis
357 2386 386 2442 in
414 2387 517 2457 quibus
538 2386 691 2464 disciplina
713 2385 884 2443 Tridentino
903 2392 1016 2460 recepta
1042 2393 1095 2451 est,
1122 2384 1295 2454 ubicumque

206 2480 358 2542 declaratio
372 2483 522 2543 Benedicti
536 2485 620 2544 X1V.
643 2486 696 2542 hac
719 2485 749 2542 in
770 2503 800 2542 re
820 2486 916 2542 locum
930 2484 1023 2541 habet.
1066 2483 1124 2540 Pro
1137 2481 1295 2539 Hollandia

203 2589 231 2638 et
240 2581 390 2642 Foederato
399 2584 511 2660 Belgio,
526 2584 572 2643 die
583 2589 602 2642 4
613 2585 789 2643 Novembris
803 2602 878 2641 anno
891 2587 978 2649 1741,
993 2581 1147 2640 declaravit
1158 2581 1295 2638 Pontifex

203 2681 297 2740 valere
311 2685 491 2743 matrimonia
505 2685 681 2760 hujusmodi,
706 2684 790 2740 etiam
810 2689 999 2740 conservata
1018 2681 1110 2738 forma
1122 2678 1294 2748 Tridentini,

205 2798 290 2853 quam
313 2782 531 2842 declarationem
557 2783 592 2840 ad
614 2793 700 2841 totam
721 2781 869 2839 diaecesim
890 2780 1215 2847 Neo-Aurelianensem,
1230 2794 1296 2852 quae

205 2888 274 2937 tunc
287 2880 427 2948 Floridas,
449 2881 635 2939 Louisianam
656 2883 832 2956 superiorem
853 2888 881 2937 ct
901 2880 1075 2946 inferiorem,
1091 2879 1217 2950 aliasque
1230 2891 1295 2955 pro·

204 2979 314 3037 vincias
342 2980 593 3056 complectebatur,
615 2981 743 3038 extendit
761 2980 823 3038 Leo
849 2978 919 3036 XII.
934 2978 1047 3035 decreto
1073 2982 1091 3034 9
1118 2978 1294 3052 Septembris

208 3082 296 3137 1824.
338 3079 385 3137 Ad
400 3078 532 3138 Canariae
555 3081 639 3137 etiarn
664 3089 781 3162 extensa
802 3088 854 3147 est,
876 3088 905 3135 et
917 3096 967 3154 per
988 3093 1019 3132 se
1033 3076 1109 3133 valet
1120 3077 1295 3146 ubicumque

203 3178 331 3237 heretici
345 3179 492 3238 distinctos
507 3179 613 3237 habent
625 3187 723 3237 coetus.
765 3177 911 3250 Equidem
931 3183 1041 3233 constat
1059 3175 1158 3232 Patres
1173 3173 1295 3231 Triden-

207 3279 281 3336 tinos
295 3278 388 3355 legem
403 3279 441 3336 ita
455 3279 563 3346 tulisse,
578 3287 609 3336 ut
622 3278 817 3336 hereticorum
831 3286 920 3334 curtus
936 3277 997 3353 jam
1013 3275 1046 3332 ab
1059 3273 1192 3332 Ecclesia
1205 3271 1294 3332 divul-

205 3397 254 3436 sos
269 3397 326 3437 non
340 3379 504 3454 respiceret,
519 3379 648 3436 nolentes
663 3376 770 3436 idcirco
791 3395 855 3434 earn
875 3375 904 3434 in
918 3392 1087 3447 unaquaque
1101 3373 1224 3448 paroecia
1236 3374 1295 3432 vim

207 3477 335 3536 obtinere
349 3478 405 3536 nisi
419 3477 647 3554 promulgatione
668 3478 697 3534 in
711 3497 745 3536 ea
758 3476 839 3534 sacta.
882 3475 949 3533 Hoc
963 3475 1048 3552 igitur
1061 3471 1293 3531 clandestinitatis

207 3575 445 3654 impedimentum
459 3577 493 3634 ad
508 3576 657 3635 haereticos
678 3577 798 3635 seorsim
812 3576 1015 3635 convenientes
1029 3573 1059 3631 in
1072 3573 1143 3631 locis
1157 3571 1204 3629 nbi
1218 3589 1296 3649 gras·

205 3687 306 3734 santur
330 3676 465 3744 hereses,
492 3694 550 3734 non
577 3675 866 3735 est·extendendum.
909 3674 987 3732 Hinc
1013 3674 1083 3731 Pius
1110 3671 1179 3730 Vll.
1203 3672 1297 3730 renuit

206 3775 352 3834 declarare
374 3777 484 3834 irritum
506 3776 720 3835 matrimonium
740 3774 817 3848 quod
835 3773 1033 3853 'Hieronymus
1053 3773 1215 3850 Bonapartc
1229 3789 1295 3830 cum

207 3875 305 3951 puella
317 3875 525 3934 Protestantica
544 3874 693 3934 Baltiruori
717 3875 826 3942 inierat,
847 3874 915 3932 licet
936 3875 1052 3931 instaret
1065 3872 1223 3946 Imperator
1236 3867 1296 3926 Na·

205 3972 312 4050 poleon
337 3974 399 4049 ejus
423 3974 517 4042 frater,
543 3978 630 4033 nixus
651 3974 802 4050 disciplina
823 3972 1003 4038 Tridentina,
1024 3987 1086 4042 qun
1107 3974 1216 4024 servata
1237 3983 1297 4024 non

205 4071 306 4132 fuerat.
348 4071 407 4130 Pro
430 4082 506 4131 certo
529 4081 559 4131 et
577 4073 734 4133 indubitato
756 4071 856 4130 habuit
874 4068 1003 4146 pontifex
1025 4067 1120 4142 legem
1140 4063 1217 4122 illam
1237 4082 1297 4123 non

205 4169 346 4239 obtinere,
368 4179 427 4230 tnm
449 4173 516 4245 qnia
539 4173 567 4231 in
588 4172 641 4230 hac
661 4171 779 4248 regione
798 4168 922 4228 haeretici
942 4169 972 4226 in
992 4175 1080 4224 cratus
1101 4163 1248 4223 distinctos
1261 4163 1296 4224 ab

202 4269 286 4330 initio
311 4270 396 4330 divisi
422 4282 500 4341 eunt,
514 4281 575 4332 turn
595 4272 664 4346 qnia
686 4287 740 4329 nec
760 4269 810 4328 lex
829 4285 955 4342 unquam
968 4265 1022 4326 luit
1043 4264 1083 4323 ibi
1095 4255 1298 4342 promulgata?

624 4496 668 4562 (1)
687 4493 718 4546 n.
730 4493 799 4546 vta.
812 4495 885 4545 rora
