3172 5172
598 537 655 598 DE
677 536 989 598 OONTRITIONE.
1282 545 1338 601 1³5

253 719 349 770 umen
361 715 487 774 reuscst,
498 704 547 778 qui
555 702 603 762 diu
611 703 706 762 differt
714 703 841 763 admissa
849 702 992 772 detestari,
1002 711 1031 762 et
1043 721 1080 762 ex
1090 704 1185 764 animo
1195 701 1231 762 ad
1244 703 1340 766 Deum

254 808 399 868 converti:
413 823 479 864 nam
493 804 654 863 communis
666 804 731 862 vitae
745 803 872 862 conditio
885 803 1013 880 periculo
1025 802 1102 862 haud
1114 812 1205 871 vacat,
1219 812 1248 861 ct
1266 805 1340 883 inju-

255 908 326 965 riam
345 923 448 964 noram
473 905 578 981 irrogat
596 903 672 972 Deo,
687 903 737 975 qui
762 903 811 961 diu
837 903 957 980 negligit
975 903 1093 978 gratiam
1115 905 1178 981 ejus
1201 921 1338 976 quaerere,

255 1013 359 1063 tantum
373 1007 480 1064 bonum
494 1003 573 1080 parvi
586 1003 693 1061 faciens
705 1021 712 1058 ε
728 1010 900 1078 quapropter
912 1003 1037 1078 Spiritus
1058 1001 1180 1062 Sanctus
1193 1002 1338 1064 interitum

253 1104 281 1161 ei
294 1104 430 1162 intentat:
453 1103 552 1160 “Non
567 1101 659 1160 tardes
673 1101 800 1160 converti
808 1100 842 1159 ad
856 1101 1025 1169 Dominum,
1034 1110 1064 1158 et
1076 1119 1112 1159 ne
1123 1100 1238 1161 differas
1245 1100 1281 1160 de
1294 1102 1341 1162 die

253 1203 283 1260 in
295 1201 382 1260 diem.
416 1201 519 1260 Subito
532 1202 609 1259 enim
623 1201 717 1258 veniet
729 1200 770 1258 ira
791 1200 878 1270 illius,
893 1211 922 1259 et
933 1203 963 1259 in
983 1210 1111 1277 tempore
1130 1199 1262 1259 vindicte
1283 1200 1341 1260 dis·

255 1299 353 1378 perdel
364 1294 440 1358 te.”¹
460 1299 556 1371 Dilata
568 1299 757 1358 conversione
765 1307 809 1355 est
821 1300 979 1374 periculum
989 1300 1019 1358 in
1029 1308 1175 1376 peccatum
1185 1298 1339 1368 relabendi,

253 1417 330 1466 nam,
344 1408 377 1456 ut
395 1398 537 1475 sapienter
559 1407 657 1458 monet
669 1397 701 1454 S.
724 1397 884 1473 Gregorius
904 1398 948 1455 M.
964 1405 1138 1473 “peccatum
1159 1398 1237 1471 quod
1251 1400 1341 1474 poeni·

254 1497 341 1556 tentia
353 1515 410 1555 non
424 1497 515 1564 diluit,
529 1498 594 1572 ipso
605 1516 659 1556 suo
672 1494 798 1572 pondere
811 1514 881 1554 mox
892 1495 927 1553 ad
939 1495 1016 1554 aliud
1028 1492 1160 1555 trahit’'²
1192 1495 1339 1557 Craterum

251 1593 326 1654 certd
341 1597 424 1654 statui
437 1595 538 1669 nequit
551 1591 665 1668 quando
686 1597 750 1668 quis
764 1596 831 1653 nori
852 1597 960 1671 peccati
981 1613 1048 1654 reus
1062 1596 1101 1654 sit
1118 1596 1155 1653 oh
1177 1596 1338 1674 neglectum

253 1693 430 1754 contritionis
444 1693 600 1762 eliciendae,
614 1713 703 1767 quum
717 1694 870 1770 plurimum
883 1693 1007 1770 pendeat
1019 1712 1056 1753 ex
1075 1693 1171 1754 indole
1194 1705 1223 1753 et
1240 1696 1338 1772 lapsus

251 1791 397 1870 periculo:
419 1811 477 1865 quo
490 1793 566 1852 enirn
581 1795 646 1866 quis
660 1793 813 1869 proclivior
826 1800 868 1849 est
881 1792 917 1849 ad
935 1793 1058 1870 lapsum,
1072 1811 1107 1851 co
1119 1795 1210 1870 magis
1230 1803 1340 1854 tenetm

251 1891 416 1969 poenitentia
428 1909 526 1950 cavere
540 1909 576 1949 ne
597 1893 686 1951 cadat.
730 1891 854 1950 “Puto”
875 1892 966 1964 inquit
984 1893 1016 1950 S.
1037 1891 1213 1969 Alphonsus,
1229 1900 1248 1928 ‘⁸
1260 1894 1339 1953 nullo

251 1990 337 2050 modo
348 1991 480 2050 excusari
493 2011 509 2048 a
522 1991 634 2050 mortali
647 1992 697 2065 qui
709 1991 836 2049 existens
849 1992 879 2048 in
892 1992 1003 2048 mortali
1016 2009 1067 2067 per
1086 1989 1211 2049 notabile
1224 2001 1338 2068 tempus

251 2087 375 2148 differret
387 2091 598 2167 penitentiam:
614 2099 673 2149 tum
682 2090 751 2163 quia
764 2098 894 2166 peccaret
906 2099 1004 2148 contra
1013 2097 1185 2166 praeceptum
1196 2089 1338 2150 charitatis

251 2205 319 2267 erga
330 2188 437 2258 Deum,
452 2189 527 2263 quod
541 2189 641 2248 saltem
664 2190 770 2266 pluries
790 2189 820 2248 in
834 2207 909 2248 anno
927 2207 1137 2262 quemcumque
1150 2191 1341 2268 obstringit-

251 2295 312 2346 tum
325 2289 394 2359 quia
406 2289 524 2364 insuper
536 2298 668 2365 peccaret
680 2297 776 2348 contra
797 2289 961 2347 charitatem
981 2307 1049 2365 erga
1068 2289 1206 2364 seipsum,
1221 2308 1287 2348 cum
1307 2308 1339 2348 se

253 2395 411 2463 exponeret
431 2387 563 2462 proximo
582 2388 709 2464 periculo
728 2405 867 2446 novarum
886 2387 1035 2462 culparum
1059 2387 1260 2444 tentationibus
1277 2405 1341 2446 suc·

252 2480 463 2544 cumbcndo.'”³
503 2485 633 2563 Tempus
647 2496 739 2545 autem
760 2506 797 2545 ex
810 2486 928 2563 speciali
946 2485 1094 2564 fragilitate
1113 2485 1340 2563 uniuscujusque

187 2631 193 2636 .
251 2584 376 2662 pendere
390 2583 507 2654 indicat,
521 2583 663 2659 rudesque
676 2585 845 2661 plerumque
859 2606 876 2643 a
889 2603 964 2644 novo
977 2593 1095 2663 peccato
1116 2585 1258 2654 excusari,
1273 2585 1341 2658 quia

252 2685 378 2744 animum
392 2702 450 2742 non
460 2679 650 2756 advertuntad
664 2685 866 2762 obligationem
876 2684 990 2746 dolendi
1000 2685 1035 2744 de
1044 2684 1187 2744 admissis.
1211 2685 1342 2744 Tenetur

252 2790 325 2865 certe
334 2782 375 2861 ,ad
387 2783 587 2853 contritionem
600 2783 783 2854 eliciendam,
798 2786 847 2859 qui
857 2785 910 2843 sibi
924 2786 1056 2844 conscius
1070 2785 1179 2861 peccati
1198 2784 1335 2853 mortalis,

253 2881 336 2940 debet
349 2865 531 2940 'sacramenta
550 2884 721 2952 ministrare,
735 2884 781 2942 vel
800 2885 930 2943 vivorum
951 2894 1158 2942 sacramentum
1172 2885 1336 2960 suscipere:

250 2984 318 3041 item
332 2982 382 3054 qui
394 2980 494 3054 nequit
513 2983 682 3040 tentationes
695 3001 840 3060 superare,
854 2983 910 3040 nisi
923 2983 1090 3040 contritione
1104 2975 1258 3040 elicienda:
1273 2983 1342 3040 item

252 3079 364 3155 quando
385 3089 495 3139 tenetur
506 3082 629 3138 caritatis
649 3091 743 3140 actum
763 3083 876 3148 elicere,
891 3100 956 3139 nam
978 3082 1003 3138 si
1026 3088 1174 3154 peccatum
1194 3081 1340 3138 memorie

252 3171 389 3247 occurrat,
404 3198 471 3238 cum
485 3181 571 3239 animi
585 3179 771 3239 detestatione
784 3190 812 3238 et
825 3179 922 3240 dolore
934 3163 1121 3257 rejiciendum
1135 3186 1188 3236 est.

295 3283 342 3338 17.
363 3277 575 3338 adventatium
590 3288 771 3356 peccatorum
784 3281 982 3339 remissionem
997 3278 1166 3337 contritione
1179 3295 1231 3336 seu
1252 3278 1341 3336 animi

253 3378 418 3454 poenitentia
432 3397 504 3455 opus
518 3385 571 3446 est,
586 3397 653 3436 nam
666 3379 730 3458 ipsa
749 3381 820 3438 ratio
834 3379 934 3438 suadet
945 3397 1003 3436 non
1016 3387 1146 3456 oportere
1160 3375 1264 3436 dimitti
1275 3393 1341 3452 peo-
1390 3389 1394 3400 “

253 3486 344 3536 catum
357 3478 385 3536 ei
406 3479 455 3537 cui
474 3496 531 3554 non
546 3477 679 3554 displicet
698 3478 768 3537 illud
790 3478 949 3538 admisisse.
984 3477 1062 3536 Hinc
1081 3476 1259 3553 Augustinus
1285 3476 1340 3533 ait:

253 3585 273 3614 “
281 3577 311 3635 N
313 3597 347 3638 ec
360 3595 534 3651 quemquam
549 3587 658 3654 putcsa
671 3597 852 3652 quocumque
865 3598 918 3638 seu
930 3596 1046 3656 magno,
1058 3595 1109 3636 seu
1122 3595 1209 3652 parvo
1223 3585 1342 3654 peccato
1400 3631 1404 3638 .

252 3675 286 3734 ad
306 3678 513 3736 correctionem
535 3678 597 3736 sine
623 3678 790 3754 poenitentia
810 3697 895 3756 posse
918 3671 1086 3737 transire.'’⁴
1126 3675 1271 3736 Ceterum
1289 3694 1365 3752 pro·

254 3774 356 3835 minori
381 3775 477 3836 delicti
503 3778 638 3854 gravitate
658 3776 749 3836 levior
770 3779 859 3838 animi
885 3778 1065 3856 displicentia
1084 3776 1208 3836 sufficit:
1241 3776 1344 3834 “Non

253 3873 380 3942 tameh,”
392 3875 485 3948 inquit
497 3876 530 3934 S.
545 3876 688 3946 Thomas,
702 3876 808 3937 sufficit
820 3878 971 3949 habitualis
990 3876 1170 3954 displicentia
1182 3894 1246 3949 quae
1259 3873 1344 3930 habe·

253 3982 300 4030 tur
309 3991 361 4049 per
370 3972 497 4035 habitum
511 3976 667 4046 charitatis,
677 3978 723 4037 vel
736 3977 910 4055 peonitentia
924 3978 1054 4035 virtutis:
1077 3975 1146 4048 quia
1158 3973 1200 4031 sic
1221 3970 1342 4030 charitas

253 4089 312 4132 non
326 4083 534 4152 compateretur
547 4085 696 4153 peccatum
710 4076 830 4146 veniale,
844 4075 921 4149 quod
933 4083 1010 4152 patet
1028 4091 1093 4133 esse
1109 4071 1222 4130 falsum.
1257 4067 1344 4126 Unde

250 4172 383 4246 sequitur
395 4173 474 4248 quod
494 4177 653 4249 requiratur
667 4175 797 4250 quedam
818 4176 946 4234 virtualis
966 4170 1168 4251 displicentia:
1189 4177 1259 4247 puta
1277 4184 1343 4226 oum

390 4394 434 4460 (l)
453 4393 522 4444 Eccl.
534 4409 557 4444 v.
568 4397 593 4446 8.
866 4393 909 4458 (2)
928 4389 958 4440 L.
969 4389 1039 4440 xxiii.
1049 4404 1109 4440 mor.
1119 4403 1172 4456 cap.
1180 4387 1214 4440 lx.

389 4476 434 4544 (³)
452 4475 630 4530 L.ri.n.4³⁷.
864 4475 906 4542 (4)
925 4474 973 4540 Ep.
984 4472 1060 4525 xlviii.
