3124 5168
238 549 276 604 32
555 542 612 607 DE
633 539 781 605 FORMA
798 541 1011 604 BAPTISMI.

673 1070 814 1148 cucur
840 1057 896 1130 111.

612 1287 652 1328 DE
674 1289 776 1330 FORMA
801 1287 950 1330 narclsrss.

279 1451 308 1504 8.
340 1446 445 1506 Forma
464 1446 600 1524 baptismi
620 1467 658 1508 ex
678 1448 789 1508 Christi
817 1447 950 1508 mandato
971 1447 1123 1524 colligitur,
1142 1444 1232 1521 jussit
1252 1444 1329 1502 enirn

240 1547 389 1623 Apostolis
403 1545 505 1605 docere
519 1566 620 1606 omnes
634 1558 744 1626 gentes,
767 1547 975 1627 “baptizantes
988 1565 1039 1606 eos
1053 1547 1082 1604 in
1095 1545 1212 1604 nomine
1226 1542 1330 1611 Patris,

240 1655 270 1706 et
282 1645 349 1706 Filii
363 1656 392 1704 et
411 1646 536 1723 Spiritus
556 1645 703 1707 Sancti.”²
743 1647 778 1707 Id
797 1667 912 1726 semper
924 1649 963 1706 ita
982 1646 1123 1705 intellexit
1142 1643 1287 1710 Ecclesia,
1301 1650 1332 1699 ut

240 1745 348 1804 ablutio
368 1745 541 1823 perficienda
560 1747 641 1815 foret,
655 1767 715 1807 non
735 1755 842 1808 tantum
863 1748 1025 1806 auctoritate
1040 1744 1123 1803 trium
1143 1760 1330 1821 personarum

240 1843 411 1914 divinarum,
422 1854 452 1904 et
460 1845 528 1905 fidei
538 1846 568 1905 in
579 1847 747 1922 mysterium
755 1847 812 1907 hoc
821 1849 999 1925 professione
1009 1846 1044 1903 ab
1055 1843 1156 1902 adultis
1170 1843 1328 1920 praemissa,

240 1943 389 2005 sedetiam
403 1945 552 2014 invocatis,
566 1946 674 2023 inipso
687 1946 821 2005 abluendi
834 1957 907 2016 actu,
922 1946 1018 2014 Patre,
1032 1953 1061 2002 et
1079 1943 1166 2012 Filio,
1180 1951 1210 2001 et
1222 1941 1330 2018 Spiritu

241 2043 365 2104 Sancto:
388 2052 407 2080 “
417 2044 451 2104 ln
465 2047 583 2104 nomine
596 2064 690 2104 rerum
704 2043 871 2107 cunctarum
885 2047 1029 2114 Parentis,
1043 2053 1072 2103 ct
1090 2043 1211 2103 Domini
1230 2039 1287 2098 Dei
1301 2048 1329 2097 et
1372 2113 1374 2118 k

241 2141 398 2201 Salvatoris
411 2145 501 2204 nostri
514 2143 534 2202 J
536 2162 586 2202 esu
602 2143 724 2214 Christi,
739 2155 768 2205 et
787 2147 913 2224 Spiritus
927 2145 1026 2205 Sancti
1039 2145 1069 2204 in
1082 2161 1156 2217 aqua
1167 2138 1329 2202 lavanmr.”

241 2240 285 2301 lta
296 2233 457 2301 tustinus?
496 2242 571 2302 Illud
584 2245 669 2303 etiam
683 2243 837 2305 discrimen
850 2247 922 2304 inter
934 2246 1026 2304 varias
1035 2244 1158 2303 rationes
1166 2237 1330 2319 baptizandi

243 2343 278 2401 ab
304 2340 443 2400 haereticis
470 2342 609 2402 adhibitas
635 2345 842 2421 agnoscebatur
869 2366 885 2404 a
911 2345 1061 2413 conciliis3
1097 2341 1174 2416 quod
1201 2341 1250 2414 qui
1269 2325 1328 2397 tres

240 2459 379 2520 personas
394 2440 505 2500 divinas
522 2443 702 2512 invocabant,
724 2462 789 2504 vere
809 2446 994 2523 baptizarent,
1017 2444 1074 2512 alii,
1091 2443 1199 2501 omissa
1218 2442 1331 2499 invoca·

240 2542 329 2609 done,
343 2541 385 2600 nil
398 2537 597 2601 conficerent?
636 2543 787 2602 Actionem
806 2544 975 2621 baptizantis
992 2542 1153 2600 necessario
1167 2542 1331 2617 exprimen-

240 2641 306 2699 dam
319 2657 394 2708 esse,
408 2649 483 2698 recte
504 2640 588 2700 docet
607 2641 640 2699 S.
662 2642 809 2700 Thomas:
833 2650 852 2678 ‘⁶
864 2643 929 2715 quia
948 2640 1053 2699 ablutio
1072 2639 1198 2696 hominis
1213 2639 1243 2695 in
1257 2657 1331 2710 aqua

239 2747 354 2816 propter
381 2739 469 2797 multa
495 2739 557 2798 fieri
583 2751 686 2818 potest,
707 2749 819 2819 oportet
848 2739 926 2814 quod
951 2739 1154 2798 determinetur
1183 2737 1213 2795 in
1233 2736 1329 2794 verbis

240 2837 340 2897 forme
359 2835 394 2894 ad
411 2835 480 2910 quid
496 2837 554 2897 fiat.
596 2839 682 2907 Quod
700 2841 817 2914 quidem
837 2858 895 2898 non
913 2839 946 2897 fit
965 2858 1017 2917 per
1038 2837 1095 2896 hoc
1117 2834 1194 2911 quod
1208 2834 1325 2914 dicitur:

242 2938 292 2996 ‘in
312 2937 428 2994 nomina
448 2936 552 3008 Patris,
567 2948 595 2998 et
615 2939 693 3008 Filii,
707 2949 736 2998 et
756 2940 879 3018 Spiritus
895 2939 993 2998 Sancti
1003 2937 1022 3007 ;’
1045 2938 1114 3012 quia
1126 2936 1224 2995 omnia
1236 2937 1266 2993 in
1280 2935 1327 2993 tali

240 3036 356 3099 nomine
376 3037 469 3096 facere
485 3035 632 3109 debemus,
646 3049 679 3098 ut
698 3040 818 3099 habetur
831 3038 867 3098 ad
887 3038 1079 3098 colossenses
1093 3057 1119 3095 c.
1134 3037 1195 3103 iii.;
1217 3044 1245 3094 ct
1264 3033 1329 3093 ideo

240 3139 266 3196 si
280 3155 338 3196 non
358 3139 534 3214 exprimatur
546 3148 624 3197 actus
637 3141 784 3217 baptismi,
798 3139 845 3197 vel
857 3158 909 3215 per
922 3137 1039 3197 modum
1059 3145 1199 3203 nostrum,
1213 3135 1259 3192 vel
1278 3151 1329 3211 per

239 3235 359 3295 modum
373 3236 551 3306 Graecorum,
563 3257 620 3296 non
634 3239 779 3321 perficitur
799 3229 1055 3296 sacramentum.''⁴
1094 3233 1258 3294 Alexander
1270 3233 1326 3293 III.

240 3332 382 3392 decrevit:
406 3334 540 3408 “Siquis
554 3355 674 3413 puerum
686 3347 729 3396 ter
738 3339 768 3398 iu
782 3355 854 3412 aqua
866 3338 1039 3397 immerserit
1051 3337 1080 3396 in
1094 3335 1210 3395 nomine
1224 3333 1327 3401 Patris,

240 3441 269 3492 et
280 3431 358 3501 Filii,
373 3441 402 3492 et
414 3434 538 3513 Spiritus
560 3435 668 3507 Sancti,
683 3457 778 3507 amen,
793 3448 822 3496 et
840 3457 899 3497 non
918 3436 1039 3497 dixerit:
1061 3455 1116 3514 ego
1130 3445 1157 3492 te
1170 3434 1286 3512 baptizo
1301 3434 1331 3490 in

146 3567 148 3574 ι
239 3534 356 3591 nomine
371 3533 473 3603 Patris,
488 3544 517 3593 et
536 3535 614 3604 Filii,
629 3546 657 3594 et
670 3538 794 3614 Spiritus
808 3537 917 3604 Sancti,
932 3555 1027 3604 amen,
1041 3554 1099 3595 non
1114 3544 1158 3592 est
1177 3552 1249 3612 puer
1262 3533 1328 3610 bap·

156 3679 157 3682 ,
239 3623 392 3688 tizatus.”⁵
428 3632 593 3692 Alexander
600 3634 684 3694 VIII.
695 3654 770 3694 anno
783 3638 870 3703 1690,
885 3633 1030 3694 damnavit
1042 3634 1265 3712 propositionem
1286 3650 1329 3689 se-

238 3738 391 3803 quentem:
415 3739 434 3767 ‘⁴
443 3731 542 3791 Valuit
554 3733 707 3808 aliquando
717 3735 875 3812 baptismus
886 3735 940 3793 sub
953 3734 1006 3794 hac
1015 3733 1252 3800 sormacollatus3
1275 3731 1327 3790 ‘In

237 3829 355 3888 nomine
369 3827 472 3900 Patris,
483 3843 512 3890 et
524 3831 602 3903 Filii,
613 3843 641 3891 et
653 3834 777 3911 Spiritus
789 3835 888 3892 Sancti
897 3833 917 3892 ε’
938 3834 1136 3911 pretermissis
1147 3833 1222 3893 illis:
1245 3831 1328 3909 ‘Ego

237 3941 266 3989 te
278 3927 417 4008 baptizo.’
427 3919 463 3958 ”⁶
656 3915 658 3918 ⁵
838 3938 842 3945 ’
1296 3955 1298 3962 ,

278 4033 307 4089 9.
328 4030 443 4110 Integra
452 4029 614 4108 baptizandi
625 4032 746 4092 formula
759 4043 822 4092 est:
845 4041 864 4068 “
875 4032 916 4091 N.
931 4032 1033 4110 Egote
1047 4032 1162 4109 baptizo
1171 4034 1200 4092 in
1211 4031 1327 4091 nomine

276 4252 319 4318 (l)
338 4252 398 4303 Mat
409 4254 494 4304 xxviii.
508 4257 546 4304 18.
786 4255 829 4322 (2)
849 4254 922 4323 Apol.
935 4253 970 4305 Π.
977 4269 1027 4322 pro
1042 4251 1205 4305 Christiania.

276 4337 318 4402 (3)
338 4335 415 4387 Cone.
427 4341 493 4390 Arel.
505 4355 560 4391 con.
571 4339 621 4389 viii.
633 4339 713 4394 Cotto·
725 4339 782 4394 Nic
791 4339 808 4391 i.
816 4356 871 4392 con·
880 4340 931 4389 xix.
947 4339 1007 4390 Vide
1019 4339 1083 4389 osi
1091 4353 1179 4397 revera,
1187 4337 1216 4388 de
1226 4351 1331 4390 consecr.

240 4418 294 4469 dist
305 4419 338 4470 iv.
791 4428 833 4494 (t)
852 4426 886 4476 iii.
898 4441 922 4490 p.
929 4439 970 4492 qu.
982 4427 1041 4478 lxvi.
1052 4433 1094 4479 art.
1106 4440 1129 4474 v.
1141 4423 1171 4474 sd
1183 4427 1207 4478 z!

276 4506 319 4573 (5)
339 4504 394 4570 Gap
404 4507 420 4556 i.
431 4507 461 4558 de
472 4507 603 4576 baptismo.
793 4513 836 4580 (6)
856 4512 927 4578 Prop.
938 4512 1013 4565 xxvii.
