3124 5168
259 580 296 634 1⁰
618 575 675 634 DE
697 569 983 635 INTENTIONE.

257 739 353 800 tudine
379 739 483 820 agendi
502 741 599 810 oritur,
619 751 688 819 puta
706 741 733 799 si
758 739 987 800 somncmbultts
1013 741 1060 800 vel
1082 742 1187 810 ebrius,
1213 742 1346 802 nesciens

258 839 328 913 quid
340 849 415 918 agat,
428 840 592 918 baptizandi
605 842 691 900 ritum
703 838 912 918 aggrederetur.
933 839 1167 920 Interpretotivc
1177 850 1293 902 vocatur
1306 842 1349 901 in·

257 940 345 999 tentio
358 957 423 1014 qua
437 941 563 1000 noscitur
581 939 721 1008 habenda,
742 940 768 998 si
780 938 816 998 de
829 959 860 1000 re
874 941 1006 1018 cogitatio
1020 941 1200 1007 occurrisset,
1215 943 1347 1014 quamvis

257 1039 419 1099 nullatenus
444 1040 597 1099 habeatur:
622 1041 665 1100 sic
688 1038 858 1099 absolvisset
883 1040 1086 1100 moribundum
1112 1039 1246 1099 sacerdos
1272 1048 1347 1098 tran·

258 1140 345 1210 siens,
366 1141 477 1199 sicum
498 1137 681 1199 Catholtcum
700 1157 775 1207 esse,
796 1146 824 1196 ct
844 1139 956 1198 veniam
976 1141 1083 1208 intimo,
1097 1140 1194 1199 animo
1213 1148 1348 1217 expetere

257 1247 366 1298 nosset.
408 1237 532 1300 Constat
549 1248 679 1299 neutram
698 1238 886 1298 intentionem
907 1239 1074 1317 hujusmodi
1096 1240 1240 1309 sufficere,
1261 1257 1348 1312 quum

258 1338 337 1397 nulla
349 1355 450 1396 revera
462 1339 508 1397 sit.

300 1439 347 1494 tc.
368 1437 494 1498 Intentio
514 1436 653 1497 absoluta
674 1437 843 1514 plerumque
863 1455 929 1496 esse
949 1437 1050 1508 debet3
1071 1456 1125 1498 neo
1145 1437 1223 1496 enim
1242 1445 1348 1494 temere

258 1533 435 1596 conditiones
455 1536 630 1615 apponendae
651 1545 719 1595 sunt
736 1537 837 1596 ritibus
857 1536 993 1597 diviuitus
1013 1537 1166 1596 institutis:
1187 1544 1310 1595 attamen
1324 1537 1350 1594 si

257 1633 393 1694 dubitatio
418 1636 571 1714 probabilis
592 1635 627 1694 de
653 1636 788 1712 baptismi
808 1636 905 1697 valore
925 1637 1084 1707 incesserit,
1105 1637 1159 1695 sub
1184 1635 1349 1694 conditione

258 1733 349 1804 datur,
367 1737 452 1813 juxta
466 1736 540 1813 juris
560 1727 704 1794 canonici¹
724 1743 753 1793 et
774 1735 898 1795 Ritualis
925 1736 1051 1796 Romani
1073 1736 1289 1814 praescriptum:
1311 1737 1351 1793 ita

257 1835 335 1894 enlm
348 1835 432 1894 saluti
451 1835 607 1894 consulitur
625 1836 733 1908 absque
756 1836 926 1894 sacramenti
942 1836 1063 1912 jactura.
1105 1834 1251 1894 Asaeculo
1264 1825 1349 1894 VIII.

257 1935 357 1994 saltem
376 1934 438 1994 haec
457 1935 529 1994 ratio
549 1943 661 1992 servata
680 1943 735 2002 est,
757 1935 889 2007 quamvis
909 1942 992 1992 antea
1010 1935 1104 1994 verbis
1120 1933 1247 1994 conditio
1261 1952 1350 1994 enun-

257 2033 323 2090 tiata
335 2033 424 2092 luisse
444 2052 502 2093 non
521 2027 682 2093 noscatur.²
722 2033 907 2092 Sacramenta
926 2033 981 2091 alia
1001 2053 1064 2108 quea
1085 2034 1179 2094 iterari
1192 2044 1348 2108 nequeunt,

257 2129 420 2190 conditione
434 2131 543 2209 adjecta
562 2151 627 2190 esse
647 2131 820 2190 conferenda
833 2142 932 2193 monet
944 2132 1118 2193 Benedictus
1131 2134 1228 2202 X1v,
1243 2133 1269 2190 si
1281 2151 1351 2191 con·

256 2230 351 2308 tIgerit
363 2231 548 2290 intentionem
568 2232 708 2290 iuternam
729 2230 855 2290 defuisse
875 2232 1015 2302 collatori,
1037 2241 1067 2292 et
1085 2242 1196 2312 tempus
1209 2249 1267 2292 non
1280 2249 1349 2308 sup-

257 2339 335 2409 petat
348 2329 454 2391 Sedent
468 2330 664 2407 Apostolicam
678 2326 874 2391 consulendi.³
913 2330 948 2391 Id
961 2331 1026 2392 fieri
1039 2352 1126 2410 posse
1146 2334 1233 2392 etiam
1245 2333 1276 2390 in
1290 2349 1351 2390 om·

256 2430 339 2490 nibus
353 2432 548 2500 sacramentis,
565 2432 607 2490 ob
628 2449 744 2490 causam
758 2448 888 2508 gravem,
910 2432 1076 2492 conditione
1091 2441 1186 2492 mente
1200 2439 1350 2508 concepta,

258 2539 358 2590 censet
370 2531 403 2588 S.
417 2531 587 2609 Alphcnsus
601 2539 668 2608 post
681 2524 779 2590 alios.⁴
813 2529 975 2589 Deficiente
989 2549 1076 2589 causa
1087 2539 1218 2606 peccaret
1230 2531 1354 2608 graviter

258 2639 435 2688 sacramenta
454 2630 630 2698 ministrans,
651 2628 755 2689 dubius
778 2628 815 2687 de
839 2627 953 2698 effectu,
976 2636 1005 2686 et
1023 2626 1216 2686 conditionem
1243 2629 1353 2688 idcirco

259 2738 365 2786 minere
388 2726 544 2803 adjiciens:
573 2728 625 2785 sed
647 2728 673 2786 si
694 2729 821 2805 proximi
842 2729 936 2804 gravis
958 2727 1062 2785 utilitas
1083 2724 1217 2802 postulet,
1240 2724 1355 2785 videtur

259 2825 410 2893 excusari3
433 2833 605 2903 quapropter
630 2827 824 2885 confessarius
846 2827 968 2886 absolvit
988 2824 1141 2898 aliquando
1161 2825 1246 2884 etiarn
1269 2833 1351 2884 extra

259 2922 418 3002 periculum
431 2926 541 2994 mortis,
563 2925 617 2983 sub
637 2924 800 2986 conditione
814 2945 945 3002 puerum,
959 2925 994 2984 de
1008 2944 1067 3000 quo
1079 2925 1188 2985 dubitat
1206 2933 1302 2985 utrum
1316 2925 1354 2984 sit

259 3042 380 3101 compos
401 3023 528 3084 rationis.
571 3024 630 3092 Qui
655 3036 749 3086 autem
776 3027 961 3103 poenitentem
987 3026 1119 3095 absolvit,
1146 3022 1258 3102 adjecta
1284 3043 1351 3084 ecn-

260 3124 378 3194 ditione,
402 3124 439 3185 ob
460 3123 578 3185 dubium
593 3125 629 3184 de
642 3127 704 3205 ejus
726 3126 928 3202 dispositione,
942 3145 959 3182 a
971 3134 1089 3200 peccato
1103 3124 1207 3182 veniali
1226 3142 1286 3184 non
1301 3142 1351 3182 ex·

259 3235 381 3291 cusatur,
395 3243 484 3296 quum
498 3227 584 3284 ritum
605 3224 745 3283 Ecclesiae
763 3233 869 3280 temere
883 3231 982 3282 mutet.
1024 3223 1057 3281 Si
1077 3221 1194 3302 adjiciat
1212 3223 1351 3283 conditio-

259 3339 328 3381 nem
341 3322 478 3381 incertam
489 3321 524 3381 dc
538 3323 632 3382 sutura
644 3342 678 3381 v:
694 3343 729 3401 g:
745 3323 771 3382 si
784 3321 929 3382 dimiseris
943 3323 1142 3393 concubinam,
1158 3324 1184 3382 si
1197 3324 1352 3384 restitueris

260 3439 320 3479 rem
334 3420 469 3492 alienam,
483 3432 584 3499 peccat
597 3423 728 3501 graviter,
744 3441 831 3497 quum
847 3423 925 3483 irrita
937 3423 975 3482 sit
988 3423 1144 3492 absolutio;
1158 3442 1225 3483 narn
1240 3423 1352 3499 imprae-

260 3521 414 3581 sentiarum
435 3541 494 3580 non
511 3524 595 3590 valet,
620 3542 711 3595 quum
730 3522 858 3581 conditio
868 3521 997 3580 nondum
1011 3523 1049 3581 sit
1061 3522 1190 3598 impleta,
1211 3531 1239 3581 et
1252 3531 1353 3598 postca

232 3678 235 3688 ,
259 3618 390 3691 nequibit
402 3619 505 3685 valere,
520 3637 586 3676 nam
600 3619 742 3677 absolutio
756 3629 824 3679 tunc
838 3637 897 3677 non
910 3620 972 3677 erit.
993 3619 1028 3678 In
1042 3627 1170 3681 extrema
1182 3622 1351 3681 necessitate

260 3725 371 3776 tenetur
396 3717 526 3776 minister
546 3726 724 3776 sacramenta
749 3719 803 3776 sub
831 3717 995 3778 conditione
1017 3721 1156 3797 praebere,
1183 3721 1209 3779 si
1234 3721 1353 3783 materia

260 3815 345 3876 dubia
370 3817 423 3876 sit:
454 3818 624 3876 necessitate
644 3825 738 3877 autem
764 3825 938 3888 transeunte,
958 3829 1178 3888 sacramentum,
1203 3821 1229 3878 si
1254 3821 1352 3879 iterari

185 3948 191 3957 ¹
258 3925 390 3992 nequeat,
404 3917 590 3993 praebendum
603 3926 647 3999 est
660 3918 763 3977 iterum
774 3919 828 3978 sub
841 3919 1017 3988 conditione,
1029 3905 1105 3978 certa
1115 3920 1210 3978 habita
1222 3921 1350 3979 materia.
1391 3995 1396 4007 Ι

260 4018 295 4078 In
308 4017 423 4097 publica
441 4017 576 4094 baptismi
596 4018 755 4086 iteratione,
776 4019 813 4077 ob
833 4019 951 4078 dubium
971 4019 1006 4078 de
1027 4019 1091 4096 ejus
1104 4019 1212 4088 valore,
1226 4019 1354 4080 conditio

260 4128 304 4177 est
313 4120 431 4179 omniuo
444 4117 626 4187 enuntianda,
636 4118 721 4196 juxta
733 4117 857 4179 Ritualis
871 4119 1077 4195 prescriptum,
1091 4127 1120 4178 et
1132 4119 1270 4181 monendi
1284 4127 1352 4179 sunt

261 4217 415 4290 adstantes,
428 4239 465 4280 ne
478 4219 607 4280 rideatur
619 4218 713 4278 iterari
722 4227 821 4278 cenna
832 4219 912 4296 leges
926 4217 1079 4278 Ecclesia.

301 4457 344 4520 (1)
364 4454 395 4505 G.
406 4454 472 4506 lide
484 4460 560 4526 Bupt.
742 4462 785 4527 (2)
805 4458 897 4510 Bsned
907 4458 979 4509 XIV.
990 4458 1020 4511 de
1031 4457 1170 4524 Symbvii.
1182 4473 1203 4509 c.
1214 4457 1245 4509 vi.
1257 4473 1282 4508 n.
1297 4461 1317 4508 l.

299 4542 342 4607 (3)
361 4539 461 4600 unam,
474 4557 495 4591 c·
506 4543 538 4592 iv·
553 4548 577 4604 s·
588 4544 622 4594 ix.
743 4547 786 4612 (4)
804 4543 876 4596 tat.
888 4561 914 4596 n.
925 4548 966 4597 es.
