3172 5172
263 569 321 626 rte
608 562 666 622 DE
688 561 998 625 OONFESSIONE.

260 730 474 802 caudamque
495 730 558 787 sine
571 726 667 788 dolore
681 746 739 787 non
760 738 853 805 potest
874 729 981 788 haberi.
1026 728 1168 788 Celeriter
1189 731 1352 808 peragenda

260 839 313 898 est,
326 849 381 890 nec
403 829 480 886 enim
495 846 590 888 moras
603 838 716 886 nectere
735 819 826 904 juva't,
841 829 955 904 prolixa
973 847 1067 887 rerum
1088 831 1285 898 enarratione;
1300 832 1351 890 sed

260 931 359 1008 paucis
373 928 540 1005 plerumque
563 927 657 985 verbis
671 945 733 999 quae
755 927 922 985 admisimus
941 927 1111 988 declaranda
1130 937 1206 986 sunt.
1247 928 1351 988 Fortis

260 1030 390 1096 habetur,
405 1028 455 1100 qui
474 1045 565 1102 poenee
578 1025 729 1085 formidine
743 1025 819 1084 hand
833 1025 987 1084 deterretur
999 1047 1015 1084 a
1036 1027 1146 1085 delictis
1160 1026 1347 1088 declarandis.

262 1127 395 1188 decusat
408 1145 439 1184 se
453 1135 594 1202 peccator,
610 1144 673 1199 quae
687 1126 717 1183 in
730 1127 775 1184 sui
788 1126 1001 1188 excusationem
1022 1125 1233 1199 quodammodo
1247 1126 1350 1186 cedunt

260 1229 392 1286 reticens.
425 1224 559 1298 Denique
569 1227 697 1283 animum
710 1234 840 1300 paratum
853 1224 958 1283 habere
969 1233 1081 1302 oportet
1091 1223 1126 1283 ad
1139 1243 1173 1282 ea
1183 1227 1351 1298 exequenda

261 1343 324 1398 qnae
338 1323 469 1382 sacerdos
479 1325 599 1401 jusserit
611 1326 641 1382 in
655 1332 834 1400 peccatorum
848 1324 1052 1400 expiationem.
1086 1322 1242 1382 Confessio
1256 1335 1351 1385 autem

260 1426 299 1482 ita
312 1423 441 1482 facienda
454 1432 498 1482 est
516 1431 547 1481 ut
567 1422 755 1500 intelligatur:
778 1442 831 1481 nec
852 1424 928 1480 enim
955 1423 1083 1482 confiteri
1104 1423 1162 1482 dici
1181 1432 1279 1500 posset
1300 1425 1350 1499 qni

262 1523 358 1591 surdo,
372 1523 476 1600 linguae
491 1541 608 1600 prorsus
628 1523 739 1598 ignaro,
755 1521 927 1590 dormitanti,
943 1523 988 1580 vel
1009 1523 1078 1581 alias
1099 1521 1176 1581 haud
1195 1523 1350 1582 advertenti

261 1620 393 1690 addicta,
408 1622 525 1680 referret
536 1630 669 1697 peccata:
691 1630 826 1681 caeterum
839 1622 983 1699 poenitens
997 1623 1083 1682 nimis
1104 1623 1170 1700 angi
1183 1642 1241 1682 non
1261 1621 1352 1690 debet,

263 1739 364 1780 verens
379 1740 415 1780 ne
428 1720 504 1778 haud
518 1723 587 1778 satis
601 1719 781 1796 intelligatur.

303 1826 352 1879 34.
375 1820 599 1879 Confessionem
625 1818 722 1877 divino
737 1820 803 1897 jure
824 1821 942 1897 praecipi
968 1821 1037 1881 elisis
1061 1820 1251 1889 ostendimus,
1276 1819 1352 1894 quod

264 1919 433 1978 Tridentina
446 1919 578 1997 synodus
589 1918 742 2002 perspicuo
756 1919 849 1977 docet.
894 1918 975 1976 “Ex
994 1921 1167 1978 institutione
1181 1921 1350 1977 sacramenti

264 2019 443 2078 Poenitentiae
468 2019 601 2078 universa
620 2017 752 2076 Ecclesia
779 2036 895 2095 semper
916 2017 1064 2086 intellexit,
1084 2018 1239 2076 institutam
1265 2018 1352 2076 etiam

265 2136 329 2176 esse
344 2138 360 2174 a
373 2118 501 2176 Domino
515 2118 654 2194 integram
669 2127 851 2193 peccatorum
865 2117 1085 2184 confessionem,
1100 2126 1128 2174 et
1140 2117 1273 2174 omnibns
1286 2127 1353 2193 post

264 2217 436 2292 baptismum
457 2216 546 2292 lapsis
563 2218 627 2294 jure
648 2215 744 2274 divino
764 2217 953 2276 necessariam
968 2216 1105 2274 existere:
1128 2215 1195 2289 quia
1207 2214 1352 2274 Dominus

265 2324 363 2374 noster
376 2315 462 2373 Jesns
478 2314 613 2374 Christus
633 2335 649 2374 e
671 2316 752 2374 terris
767 2335 937 2375 ascensurus
958 2315 993 2373 ad
1012 2316 1110 2384 caelos,
1131 2314 1292 2372 sacerdotes
1307 2316 1351 2373 sui

264 2415 354 2492 ipsius
369 2415 490 2472 vicarios
504 2417 628 2490 reliquit,
642 2425 775 2489 tanquam
789 2416 926 2493 praesides
940 2424 969 2472 et
983 2414 1107 2492 judiees,
1122 2413 1157 2471 ad
1171 2431 1244 2486 quos
1258 2415 1352 2473 omnia

265 2515 394 2574 mortalia
408 2515 527 2572 crimina
547 2515 714 2583 deferantur,
735 2516 764 2572 in
788 2532 850 2587 quae
871 2513 1080 2572 Christilideles
1104 2513 1273 2571 ceciderint:
1301 2513 1350 2585 qui

264 2631 315 2690 pro
329 2622 466 2689 potestate
480 2612 612 2681 clavium,
633 2613 821 2680 remissionis,
842 2621 890 2671 aut
908 2615 1075 2671 retentionis
1095 2621 1277 2690 peccatorum
1291 2629 1354 2669 sen·

264 2712 377 2768 tentiam
399 2712 592 2786 pronuntient.
647 2710 768 2769 Constat
786 2711 863 2768 enim
884 2712 1045 2771 sacerdotes
1062 2711 1203 2789 judicium
1224 2711 1289 2778 hoe,
1312 2711 1354 2768 in·

264 2809 376 2884 cognita
389 2828 484 2875 causa,
499 2825 635 2867 exercere
646 2828 704 2868 uon
718 2811 857 2886 potuisse,
873 2829 966 2884 neque
980 2813 1139 2884 aequitatem
1160 2811 1275 2884 quidem
1289 2809 1353 2866 illos

264 2909 293 2965 in
307 2907 399 2983 poenis
414 2907 596 2986 injungendis
610 2927 722 2966 servare
736 2909 875 2986 potuisse,
890 2911 915 2967 si
929 2911 958 2968 in
972 2929 1076 2988 genere
1090 2910 1235 2979 duntaxat,
1256 2919 1284 2966 et
1296 2926 1353 2966 non

266 3007 359 3085 potius
375 3008 402 3066 in
418 3007 523 3084 specie,
539 3028 571 3066 ac
585 3009 730 3087 sigillatim
744 3027 797 3065 sua
807 3009 862 3085 ipsi
876 3021 990 3086 peccata
1004 3005 1243 3068 declarassent.’'l
1264 3008 1353 3080 Equi-

265 3108 330 3166 dem
345 3108 375 3166 in
389 3107 509 3184 epistola
529 3109 723 3183 antiquissima
743 3109 880 3167 Barnabae
903 3110 1044 3186 adscripta
1068 3107 1222 3167 confitendi
1235 3114 1350 3184 peccata

265 3208 314 3266 lex
327 3208 483 3266 inculcatur
493 3203 518 3264 :²
532 3217 551 3243 ‘⁴
562 3207 752 3267 Confiteberis
766 3217 881 3284 peccata
895 3208 973 3266 tua.'’

304 3310 353 3363 35.
376 3306 507 3382 Diligens
522 3307 748 3382 premittendum
763 3316 806 3364 est
818 3309 1000 3366 conscientiae
1014 3325 1145 3365 examen.
1188 3305 1352 3364 Concilium

265 3403 466 3463 Tridentinum
487 3405 570 3464 docet
593 3415 752 3482 “oportere
774 3425 790 3462 a
809 3408 1011 3482 penitentibus
1032 3407 1128 3464 omnia
1147 3413 1262 3482 peccata
1281 3423 1355 3463 mor·

265 3504 339 3570 talia,
355 3523 475 3576 quorum
486 3515 552 3581 post
565 3505 730 3581 diligentem
742 3506 786 3563 sui
797 3504 1006 3565 discussionem
1021 3505 1224 3564 conscientiam
1238 3505 1352 3572 habent,

266 3603 296 3660 in
309 3603 491 3659 consessione
505 3604 648 3661 recenseri
658 3593 686 3670 ;’.
698 3646 705 3661 .
717 3646 724 3661 .
735 3646 742 3662 .
752 3613 862 3660 constat
876 3607 962 3674 enim,
978 3606 1050 3663 nihil
1063 3605 1138 3664 aliud
1152 3606 1182 3664 in
1196 3603 1327 3662 Ecclesia
1341 3620 1358 3659 a

265 3699 467 3774 paenitentibus
491 3701 579 3776 exigi,
600 3719 685 3772 quam
706 3711 746 3769 ut,
767 3711 919 3778 postquam
944 3705 1065 3778 quisque
1085 3704 1247 3781 diligentius
1261 3721 1292 3760 se
1306 3719 1355 3760 ex·

266 3798 395 3864 eusserit,
410 3806 437 3854 et
449 3798 629 3856 conscientiae
649 3818 708 3858 suae
729 3801 809 3859 sinus
830 3821 940 3871 omnes,
962 3813 991 3861 et
1012 3805 1133 3862 latebrae
1154 3803 1354 3879 exploraverit,

266 3916 299 3955 ea
313 3905 427 3975 peccata
440 3897 616 3967 confiteatur,
631 3899 734 3971 quibus
747 3919 779 3958 se
792 3899 951 3961 Dominum
971 3910 999 3960 et
1017 3903 1113 3961 Deum
1135 3921 1219 3960 suum
1234 3901 1356 3959 mortali·

267 4007 308 4056 ter
321 3996 475 4056 offendisse
489 3990 698 4056 meminerit.”³
738 3998 897 4076 Diligentia
915 4001 977 4059 hec
997 4020 1030 4059 ea
1053 4001 1218 4078 intelligitur
1239 4019 1302 4074 quae
1326 4001 1357 4058 in

265 4098 347 4157 rebus
370 4097 545 4176 gravissimis
571 4096 697 4156 adhiberi
710 4098 793 4168 solet,
815 4107 844 4158 et
862 4101 1074 4176 proportionem
1095 4110 1188 4159 serrat
1207 4119 1272 4159 cum
1286 4108 1357 4156 tem·

301 4266 344 4330 (1)
364 4265 429 4314 Sese.
441 4265 491 4314 xiv.
502 4279 554 4329 cap.
567 4280 588 4313 r.
600 4264 630 4314 de
641 4265 725 4330 poenit.

296 4348 338 4412 (2)
358 4347 526 4420 Εξομολογὴσῃ
537 4349 578 4402 ἐπὶ
590 4367 718 4418 cunerem
738 4368 788 4406 eon·
811 4356 834 4412 ᾗ.
851 4353 902 4403 xix.
920 4353 1079 4404 Hebraismns
1099 4354 1200 4414 videtur,
1216 4352 1255 4402 vel
1275 4349 1357 4401 forsan

263 4433 337 4478 totam
348 4432 495 4493 poenitentiae
507 4435 659 4498 disciplinam
670 4437 847 4501 complectitur.
867 4461 870 4470 r

298 4515 339 4578 (3)
359 4513 424 4562 Sese.
438 4516 485 4564 xiv.
498 4533 550 4580 cap.
564 4533 587 4565 v.
598 4518 628 4567 de
640 4521 724 4583 penit.
