3172 5172
601 550 658 610 DE
682 547 989 610 CONFESSIONE.

524 905 550 981 §.
569 905 654 966 VIII.
696 905 744 965 Du
766 924 830 965 ours
850 922 1060 964 cenassemus.

284 1145 333 1202 64.
357 1140 456 1199 “Nisi
484 1141 620 1201 articulus
646 1143 824 1201 necessitatis
852 1139 1012 1210 occurrat,”
1039 1141 1132 1216 inquit
1163 1115 1336 1200 Benedictus

245 1243 298 1302 XI.
320 1239 489 1299 “sacerdoti
510 1239 638 1300 facienda
652 1243 710 1299 oris
731 1242 875 1300 confessio
888 1237 1060 1319 exigitur.”¹
1100 1239 1144 1299 Ita
1166 1240 1218 1299 sert
1236 1259 1337 1318 perpe·

247 1353 310 1400 tuus
323 1350 351 1400 et
364 1339 533 1400 universalis
548 1359 618 1399 usus
633 1339 782 1409 Ecclesiae,
799 1342 848 1414 qui
861 1342 985 1417 optimus
999 1347 1043 1396 est
1062 1339 1164 1399 divinae
1184 1339 1339 1399 confitendi

246 1442 318 1519 legis
333 1442 482 1517 interpres.
525 1439 681 1498 Confessio
703 1440 889 1499 “secundum
910 1437 985 1512 quod
1006 1447 1049 1496 est
1069 1457 1134 1516 pars
1156 1439 1335 1508 sacramenti,

247 1540 332 1597 habet
351 1539 566 1598 determinatum
586 1549 690 1606 actum,
705 1540 780 1596 sicut
792 1549 820 1596 et
833 1538 888 1596 alia
901 1547 1077 1595 sacramenta
1090 1539 1196 1598 habent
1208 1538 1337 1598 determi-

250 1649 345 1697 natam
359 1639 513 1696 materiam.
556 1637 597 1697 Et
607 1640 680 1696 sicut
693 1639 722 1696 in
736 1639 878 1713 baptismo
898 1635 932 1693 ad
947 1637 1163 1714 significandam
1174 1639 1337 1697 interiorem

249 1737 430 1806 ablutionem,
445 1738 598 1796 assumitur
618 1737 685 1796 illud
700 1738 883 1804 elementum,
898 1737 979 1814 cujus
1001 1746 1044 1793 est
1061 1737 1203 1796 maximus
1217 1757 1286 1797 usus
1307 1739 1337 1795 in

247 1836 396 1906 abluendo,
414 1839 452 1895 ita
461 1839 491 1895 in
506 1847 567 1907 actu
579 1838 749 1895 sacramenti
763 1835 967 1903 confessionis,
980 1835 1015 1892 ad
1029 1835 1276 1905 manifestandum,
1291 1855 1335 1894 or-

248 1935 342 1994 dinate
365 1938 518 1994 assumitur
530 1936 577 1994 ille
597 1945 686 2004 actus,
701 1954 758 2008 quo
779 1936 904 1993 maxime
928 1937 1131 1993 consuevimus
1145 1935 1336 2004 manifestare,

247 2035 355 2094 seilicet
368 2035 514 2112 proprium
528 2022 664 2093 verbum:
686 2035 734 2093 alii
755 2042 849 2092 autem
872 2032 950 2092 modi
970 2042 1037 2092 sunt
1053 2033 1160 2094 inducti
1173 2035 1202 2092 in
1223 2034 1338 2111 supple·

248 2143 376 2193 mentum
401 2127 535 2192 istius.”²
576 2133 656 2192 Hinc
682 2133 828 2192 damnavit
853 2133 992 2192 Clemens
1015 2133 1084 2191 VII.
1111 2135 1339 2212 propositionem

247 2241 432 2307 sequentem:
454 2233 568 2290 “Licet
579 2251 631 2309 per
642 2234 749 2301 literas,
764 2251 814 2291 seu
828 2233 1032 2293 intamuntium
1046 2233 1220 2293 confessario
1231 2233 1339 2293 absenti

247 2331 490 2390 sacramentaliter
498 2331 637 2400 confiteri,
645 2341 673 2389 et
682 2334 716 2391 ab
726 2333 829 2391 eodem
838 2334 953 2391 absente
962 2332 1168 2391 absolutionem
1176 2332 1337 2391 obtinere:”

247 2431 393 2502 vetuitque
407 2430 460 2488 sub
473 2431 778 2491 excommunicationis
792 2452 878 2510 poena
898 2432 952 2490 sibi
967 2440 1125 2501 reservatae,
1140 2450 1176 2490 ne
1196 2431 1259 2489 haec
1275 2449 1339 2508 pro-

210 2567 214 2578 ·
249 2529 354 2608 positio
369 2547 493 2602 unquam
508 2538 641 2603 tanquam
662 2530 756 2604 aliquo
776 2552 844 2590 casu
865 2531 1019 2609 probabilis
1043 2530 1220 2598 defendatur,
1235 2539 1283 2590 aut
1303 2530 1337 2588 ad

249 2630 361 2706 praxim
375 2647 491 2702 quoquo
505 2628 591 2688 modo
605 2628 767 2688 deducatur.
809 2632 940 2690 Attamen
955 2631 1126 2691 Tamburini
1139 2639 1237 2690 censet
1252 2648 1339 2707 posse

247 2727 398 2801 aliquando
419 2729 543 2807 permitti
560 2737 591 2786 ut
611 2730 751 2806 paenitens
770 2732 876 2809 scripto
899 2730 1074 2790 confessario
1088 2730 1223 2790 tradendo
1237 2730 1339 2790 referat

251 2838 368 2906 peccata
387 2845 449 2897 sua,
463 2845 585 2902 quorum
607 2847 639 2886 se
664 2847 746 2887 reum
766 2848 891 2906 praesens
911 2831 1058 2908 agnoscit:
1080 2831 1131 2889 sed
1157 2831 1186 2889 id
1204 2850 1268 2890 raro
1295 2829 1341 2888 vel

249 2943 394 2999 nunquam
406 2926 492 2986 licere
506 2926 634 3004 plerique
649 2927 760 2996 docent,
776 2948 864 3002 quurn
878 2929 969 3006 alege
984 2929 1108 3006 generali
1128 2948 1177 2988 ore
1191 2907 1338 3008 sigillaitim

248 3045 301 3084 sna
313 3034 431 3103 peccata
444 3025 604 3086 declarandi
617 3045 704 3086 nemo
726 3038 889 3094 excusetur,
904 3029 960 3086 nisi
982 3029 1018 3086 ob
1039 3028 1235 3104 gravissimam
1255 3029 1338 3104 plane

249 3117 390 3183 causam.³
423 3126 456 3185 st
476 3127 542 3200 quis
555 3127 591 3184 ob
606 3145 742 3203 angorem
762 3129 893 3205 gutturis,
908 3126 954 3184 vel
972 3126 1077 3203 linguae
1090 3124 1338 3202 impedimentum,

249 3233 370 3298 nequeat
390 3243 443 3284 sua
462 3233 578 3303 peccata
601 3226 745 3304 sigillatim
766 3245 926 3296 recensere,
950 3225 1112 3294 satisfaciet,
1126 3234 1209 3310 prout
1225 3226 1337 3302 poterit,

251 3342 282 3382 se
303 3323 473 3384 accusando.
515 3325 618 3384 Puella
638 3325 728 3384 nimia
741 3325 911 3385 verecundia
932 3325 989 3384 sere
1009 3325 1217 3394 obmutescens,
1239 3325 1342 3401 poterit

254 3422 406 3496 aliquando
419 3424 473 3483 hac
486 3425 595 3484 ratione
608 3425 663 3483 sibi
673 3425 834 3484 consulere.
878 3424 960 3485 Nulli
973 3432 1067 3482 autem
1080 3424 1197 3482 dubium
1210 3424 1341 3482 sufficere

251 3523 277 3580 si
291 3524 426 3583 sacerdos
440 3525 548 3602 scripto
563 3543 633 3583 usus
647 3525 831 3604 poenitentem
845 3524 880 3583 de
893 3523 1015 3601 singulis
1030 3525 1194 3600 interroget.

291 3625 340 3681 66.
362 3624 421 3691 Qui
434 3643 483 3684 ore
497 3627 597 3699 nequit
610 3625 748 3694 confiteri,
763 3645 815 3684 sua
829 3625 925 3702 pandit
934 3633 1050 3702 peccata
1061 3643 1118 3698 qua
1127 3623 1219 3701 possit
1227 3623 1342 3683 ratione.
1399 3679 1402 3685 .

251 3721 301 3780 Sic
315 3733 421 3790 mutus,
435 3724 491 3794 vel,
506 3723 702 3792 moribundus,
715 3725 837 3799 loquelae
851 3744 904 3784 usu
913 3743 1022 3794 carens,
1038 3725 1127 3802 signis
1136 3744 1167 3782 se
1176 3723 1271 3801 prodit
1280 3743 1344 3802 pee-

253 3830 387 3891 catorem,
402 3833 431 3881 et
443 3834 582 3897 quatenus
596 3825 697 3893 valeat,
711 3834 826 3902 peccata
839 3825 952 3904 singula
966 3824 1088 3883 indicat:
1104 3842 1189 3898 quem
1199 3823 1345 3881 absolven-

254 3918 323 3980 dum
337 3940 401 3980 esse
412 3923 494 4001 jubet
507 3923 632 3982 Rituale.
692 3923 700 3940 ⁸

292 4023 341 4079 66.
364 4021 468 4081 Utrum
483 4023 548 4098 quis
569 4031 698 4081 teneatur
710 4041 761 4100 per
774 4024 955 4100 interpretem
973 4019 1101 4079 confiteri
1116 4018 1297 4092 disceptatur,
1313 4017 1344 4074 S.

250 4115 366 4179 Thoma
380 4121 492 4180 favente
506 4121 729 4182 affirmantibus:
752 4122 815 4180 “In
838 4140 873 4180 eo
888 4122 938 4195 qui
952 4138 1037 4179 usum
1056 4118 1159 4193 linguae
1174 4134 1231 4173 non
1252 4115 1346 4185 habet,

287 4343 331 4410 (l)
352 4342 461 4394 Extroo.
472 4343 538 4393 Inter
550 4351 657 4404 cunctas,
669 4343 699 4394 de
708 4343 826 4412 priuileg.

287 4430 330 4494 (2)
351 4427 438 4495 Suppl.
453 4429 486 4478 iii.
499 4443 523 4493 p.
536 4445 576 4494 qu.
587 4429 621 4478 ix.
633 4436 676 4479 art
688 4429 722 4478 iii.
757 4428 832 4496 Resp.
965 4427 1007 4491 (3)
1029 4424 1055 4474 S.
1066 4423 1142 4490 Alph.
1154 4426 1169 4476 1.
1181 4425 1212 4477 vi.
1221 4441 1246 4476 n.
1258 4427 1317 4477 429.

777 4527 840 4584 ιι*
902 4513 906 4524 ’
