3124 5168
239 537 277 590 30
614 509 951 594 nnsrnnmorvn.

278 704 309 756 4.
330 697 414 756 Uteri
426 699 546 762 materni
559 697 664 758 ablutio
683 699 725 759 nil
745 697 863 777 prodest
881 698 978 768 foetuir
999 697 1052 758 sed
1064 700 1091 758 si
1104 717 1180 774 aqua
1190 699 1284 776 possit
1296 699 1332 758 ad

240 799 340 856 foetum
353 796 483 874 perduci,
498 799 548 871 qui
561 798 687 873 alioquin
700 798 882 876 periclitatur,
896 799 949 857 sub
963 797 1128 858 conditione
1141 797 1331 876 baptizandus

240 907 292 964 est,
322 898 406 974 juxta
438 897 615 966 Suaresium,
641 907 671 956 et
699 897 780 966 alios,
812 906 1014 972 anquatenus
1039 898 1102 958 fieri
1121 899 1223 975 possit,
1247 898 1332 958 saluti

241 996 414 1056 consulatur.
473 995 681 1057 Contradicunt
713 996 827 1055 Natalis
856 996 1029 1067 Alexander,
1063 996 1205 1066 Coccina,
1239 997 1331 1068 Gotti,

242 1096 367 1168 aliique:
390 1095 442 1154 sed
455 1095 599 1156 affirmans
613 1097 754 1156 sententia
772 1095 881 1173 placuit
902 1096 1059 1156 Benedicto
1073 1090 1175 1158 xlv}
1194 1105 1223 1155 et
1235 1097 1268 1155 S.
1282 1098 1332 1157 Al·

242 1190 383 1273 phonso.²
423 1195 457 1254 si
476 1207 562 1272 caput
581 1197 733 1264 emittatur,
754 1195 924 1273 baptizatur,
948 1215 1003 1256 nec
1023 1181 1167 1256 iterandus
1192 1205 1237 1254 est
1263 1197 1332 1275 bap·

241 1296 360 1352 tismus:
382 1295 407 1352 si
428 1313 491 1372 pes,
517 1297 564 1355 vel
582 1295 730 1355 brachium
760 1294 912 1364 emittatur,
932 1295 1110 1373 baptizatum
1140 1293 1192 1354 sed
1217 1295 1332 1355 iteratur

242 1395 398 1470 baptismus
412 1395 465 1453 sub
478 1394 653 1464 conditione,
667 1404 727 1466 toto
740 1412 860 1473 corpore
873 1390 1015 1472 egresso.²

281 1496 309 1550 5.
333 1493 529 1570 “Baptismus
542 1495 610 1554 licet
621 1495 685 1553 lieri
697 1495 791 1572 possit
803 1503 852 1552 aut
864 1511 916 1571 per
928 1493 1103 1554 infusionem
1117 1511 1208 1568 aquae,
1219 1504 1267 1554 aut
1279 1513 1332 1572 per

241 1593 469 1663 immersionem,
492 1604 541 1652 aut
562 1612 614 1670 per
633 1594 846 1670 aspersionem3
867 1594 978 1671 primus
1000 1601 1109 1661 tamen,¹
1126 1592 1173 1652 vel
1186 1593 1330 1653 secundus

241 1690 354 1759 modus,
381 1694 431 1766 qui
457 1695 548 1771 magis
574 1703 641 1752 sunt
666 1693 695 1752 in
721 1712 785 1761 usu,
823 1712 876 1770 pro
913 1693 1099 1753 ecclesiarum
1124 1692 1329 1753 consuetudine

240 1793 428 1860 retineanturr
449 1793 488 1851 ita
501 1804 532 1852 ut
545 1793 618 1853 trina
631 1792 773 1850 ablutione
793 1801 880 1869 caput
898 1790 1062 1870 baptizandi
1078 1790 1271 1870 perfundatur,
1284 1794 1331 1853 vel

241 1892 425 1970 immergatur
438 1893 467 1952 in
481 1891 599 1952 modum
613 1892 705 1951 erucis
724 1911 782 1950 uno
796 1901 825 1950 ct
843 1890 943 1951 eodem
958 1901 1085 1969 tempore
1099 1909 1156 1966 quo
1169 1891 1254 1950 verba
1266 1911 1330 1970 pro·

241 1991 378 2058 femntur,
405 2001 433 2048 et
459 1992 535 2052 idem
562 1992 598 2051 sit
623 2010 731 2065 aquam
752 1991 889 2050 adhibens
928 2001 957 2050 et
984 1993 1071 2050 verba
1095 1985 1331 2068 pronuntians.'’³

241 2087 411 2157 Beneventi,
425 2099 453 2148 et
466 2092 495 2148 in
509 2092 642 2150 omnibus
655 2091 713 2148 fere
724 2089 850 2150 CXLII.
863 2090 1074 2168 parochialibus
1086 2090 1217 2169 ejusdem
1227 2090 1330 2150 dioece·

239 2189 291 2256 sis,
303 2205 340 2246 ex
351 2187 464 2246 decreto
477 2190 502 2250 Ι.
515 2188 640 2249 Concilii
653 2190 838 2266 provincialis
848 2190 1041 2250 Beneventani
1050 2209 1124 2251 anno
1135 2189 1328 2251 nrDcxcn.

240 2289 386 2346 immersio
410 2287 568 2358 adhibetur,
589 2290 662 2347 sicut
684 2299 712 2346 et
731 2289 900 2358 Mediolani,
925 2299 954 2348 et
975 2289 1051 2368 apud
1071 2290 1201 2350 Graecos.
1242 2290 1329 2368 Apud

239 2407 292 2448 nos
305 2406 369 2446 mos
380 2398 424 2446 est
436 2387 604 2448 infundendi
618 2407 730 2461 aquam,
746 2408 762 2446 a
775 2407 833 2463 quo
841 2389 975 2449 recedere
986 2408 1071 2469 grave
1082 2389 1156 2449 foret
1170 2399 1328 2468 peecatum,

239 2489 396 2564 praesertim
410 2507 497 2562 quum
512 2488 619 2548 faveret
630 2487 939 2557 erroriihaereticorum,
960 2491 1010 2562 qui
1030 2489 1166 2565 Baptista
1187 2490 1328 2558 dicuntur,

239 2589 404 2663 negantium
437 2589 609 2665 baptismum
642 2588 742 2664 perfici
774 2589 831 2647 nisi
858 2586 1022 2664 mergendo.
1077 2586 1212 2646 Neminie
1244 2590 1331 2666 igitur

238 2686 371 2761 precibus
381 2685 435 2743 hac
444 2687 474 2746 in
487 2703 516 2744 re
530 2685 678 2763 indulgere
691 2686 769 2746 licet.
802 2686 937 2744 Peccaret
947 2685 1032 2744 etiarn
1045 2684 1175 2762 graviter,
1190 2688 1249 2759 qni,
1264 2706 1332 2745 con·

205 2798 208 2804 ¹
239 2793 281 2842 tra
314 2801 424 2843 morem
457 2795 614 2862 receptum,
651 2787 815 2862 aspersione
849 2794 928 2843 extra
959 2785 1160 2842 necessitatem
1193 2793 1328 2846 uteretur.

239 2884 360 2950 Quoties
375 2885 493 2960 copiosa
513 2885 545 2942 fit
557 2887 695 2961 aspersio,
717 2886 756 2944 ita
768 2894 799 2943 ut
811 2903 885 2960 aqua
898 2884 928 2942 in
941 2893 1026 2960 caput
1037 2903 1156 2962 aspersa
1167 2883 1247 2952 fluat,
1260 2885 1330 2963 bap·
1393 2921 1396 2926 -

239 2986 340 3042 tismus
355 2981 430 3042 certb
445 2984 535 3045 valet:
558 2983 610 3043 sed
624 2985 708 3044 facile
722 2984 825 3043 dubius
840 2984 934 3042 evadit
945 2983 1115 3062 baptismus,
1131 3003 1219 3056 quum
1233 3002 1328 3062 asper·

238 3087 283 3143 sio
297 3093 466 3142 ascetarum
481 3085 661 3162 praeconibus
684 3085 733 3143 fiat
752 3084 863 3153 leviter,
885 3084 991 3157 vixque
1015 3083 1143 3160 capillos,
1165 3085 1210 3142 vel
1223 3091 1327 3152 vestes,

238 3185 328 3244 multo
355 3185 449 3242 minus
476 3185 592 3259 pellem,
614 3192 719 3262 tangat.
760 3183 795 3242 ln
822 3192 950 3246 extremo
971 3182 1136 3241 discrimine
1156 3201 1192 3240 v:
1215 3183 1327 3260 gr'im·

238 3285 364 3340 minente
375 3281 531 3358 naufragio,
543 3283 609 3342 licet
617 3281 827 3342 multitudinem
838 3301 1000 3360 aspergere,
1010 3280 1131 3343 dicendo
1139 3283 1242 3344 simul:
1259 3291 1329 3360 ‘ego

238 3400 289 3438 vos
304 3380 429 3458 baptizo’
444 3390 499 3439 etc.
513 3401 579 3442 nam
594 3383 818 3460 periclitantibus
840 3400 895 3454 qua
914 3383 977 3441 fieri
990 3383 1083 3459 possit
1095 3381 1202 3441 ratione
1215 3400 1329 3440 succur-

237 3480 357 3540 rendum
383 3492 443 3548 est;
466 3481 517 3540 sed
543 3483 568 3540 si
588 3485 739 3550 evaserint,
767 3482 874 3558 siuguli
893 3481 1058 3558 baptizandi
1083 3490 1166 3540 erunt
1184 3481 1236 3540 sub
1262 3498 1328 3538 eon·
1372 3531 1375 3535 .

237 3579 366 3645 ditione;
390 3597 479 3652 quum
499 3582 592 3656 gravis
614 3581 652 3638 sit
670 3581 742 3639 ratio
765 3579 914 3639 dubitandi
934 3589 1028 3638 utrum
1049 3599 1123 3653 aqua
1144 3578 1179 3637 ad
1199 3580 1328 3656 singulos

237 3679 409 3754 pervenerit.
452 3677 510 3735 Sed
524 3680 549 3736 si
563 3697 670 3756 paucos
683 3699 718 3738 ea
730 3681 838 3738 ratione
853 3679 917 3750 quis
930 3677 1129 3756 baptizaverit,
1150 3689 1179 3736 et
1198 3678 1233 3737 de
1248 3697 1327 3754 aquae

214 3815 218 3824 -
240 3772 323 3855 eopia
337 3776 371 3834 ad
385 3795 435 3834 eos
450 3779 636 3852 perveniente
650 3787 773 3848 constet,
788 3797 847 3837 non
861 3761 915 3836 erit
927 3778 1072 3837 iterandos
1085 3774 1273 3856 baptismus.⁵

278 3882 306 3936 6.
328 3876 420 3935 Trina
444 3876 552 3937 infusio
573 3877 701 3937 facienda
721 3888 775 3948 est,
798 3879 884 3956 juxta
908 3863 1030 3939 Ritualis
1050 3879 1261 3956 proscriptum,
1276 3877 1329 3936 sed

236 3979 311 4038 valet
328 3978 497 4054 baptismus,
511 3977 578 4036 lieet
591 3978 675 4035 unica
693 3971 757 4036 sit⁶
790 3976 903 4036 Causas
917 3979 1001 4037 variae
1015 3977 1175 4054 disciplinoe
1188 3977 1241 4036 hac
1254 3978 1284 4036 in
1297 3995 1327 4035 re

237 4079 356 4156 exponit
381 4077 413 4136 S.
442 4075 582 4145 Thomas,
611 4077 646 4136 de
671 4073 856 4137 immersione
883 4096 982 4156 agens,
1009 4076 1152 4153 dicitque:
1181 4077 1331 4166 “graviter

216 4311 217 4314 Ἴ
272 4248 315 4310 (Ι)
334 4246 427 4298 Bened.
437 4245 508 4294 XVI.
520 4243 550 4296 dc
559 4245 622 4314 Syn.
634 4245 727 4296 dioeces.
741 4247 756 4294 l.
768 4246 809 4296 vii.
822 4263 843 4296 c.
855 4263 877 4294 v.
948 4249 990 4314 (2)
1010 4244 1039 4294 L.
1050 4245 1082 4294 vi.
1094 4261 1119 4295 n.
1135 4249 1190 4298 107.

271 4332 313 4396 (3)
334 4330 382 4380 Rit.
393 4331 464 4380 Rom.
476 4331 505 4381 dc
517 4329 585 4402 bapt.
592 4347 652 4400 par.
954 4333 997 4400 (4)
1017 4328 1248 4400 Ibidemdesormo
1259 4327 1330 4400 bapt.

273 4415 315 4479 (5)
336 4413 398 4462 Vide
410 4416 519 4466 Auteine
530 4425 596 4467 tract.
607 4417 637 4466 de
648 4417 720 4482 Bapt-
732 4433 772 4480 qu.
781 4418 815 4468 ix.

271 4500 314 4565 (6)
335 4497 365 4548 G.
376 4499 406 4548 dc
417 4500 488 4559 trina,
499 4500 528 4550 de
540 4517 642 4554 consecr.
654 4501 712 4553 dur.
723 4503 753 4552 iv.
