3144 5192
258 577 318 633 200
489 567 546 630 DE
569 567 744 629 GASUUM
766 567 1109 630 RESERVATIONE.

255 739 367 797 casibus
392 755 464 810 quos
485 737 539 795 sibi
559 737 688 813 episcopi
710 744 865 804 reservant,
883 736 995 795 etiamsi
1008 738 1176 813 prenitentes
1190 753 1252 793 eam
1267 735 1348 812 igno-

255 838 389 904 raverint,
411 837 477 910 quia
500 835 605 896 directe
620 835 708 893 afficit
726 835 928 900 confessarios,
953 854 1074 908 qnorum
1089 843 1258 912 potestatem
1273 835 1345 892 intra
1399 873 1403 878 -

255 938 362 996 limites
377 936 511 994 arctiores
526 936 661 1002 eontinet,
681 945 713 992 nt
733 943 895 1012 peccatores
911 935 999 993 venire
1013 933 1175 992 difficultate
1190 933 1347 991 abstinean-

257 1047 301 1095 tur
327 1057 343 1094 a
367 1036 502 1113 peccatis,
523 1043 587 1092 eta
608 1035 802 1111 superioribus
824 1033 956 1092 salutaria
979 1034 1096 1102 monita,
1118 1041 1146 1090 et
1165 1032 1346 1109 poenitentias

257 1137 414 1212 accipiant:
431 1142 634 1210 “magnopere
649 1131 750 1200 verb,”
772 1133 812 1190 uti
826 1132 1025 1191 animadvertit
1037 1132 1191 1216 concilium
1205 1131 1349 1189 Tridenti-

258 1253 338 1300 num,
354 1229 419 1289 “ad
432 1231 579 1290 christiani
592 1231 691 1308 populi
704 1231 884 1308 disciplinam
899 1232 1039 1308 pertinere
1060 1230 1248 1289 sanctissimis
1262 1230 1345 1306 patri-

256 1336 310 1394 bus
324 1331 428 1389 nostris
443 1332 537 1389 visum
560 1340 613 1398 est,
635 1339 666 1388 ut
688 1331 823 1389 atrociora
843 1331 971 1404 quedam
993 1331 1113 1389 crimina
1132 1349 1190 1388 non
1203 1348 1219 1386 a
1232 1329 1347 1400 quibus-

258 1433 334 1498 dam,
349 1427 400 1488 sed
413 1448 430 1488 a
442 1423 563 1488 summis
583 1429 720 1490 duntaxat
739 1429 943 1498 sacerdotibus,
965 1423 1225 1506 absolverentur.''¹
1265 1428 1346 1486 Finis

259 1531 330 1608 legis
344 1529 493 1597 obtinetur,
514 1528 581 1588 dum
596 1529 638 1588 illi
657 1530 742 1588 etiam
769 1530 818 1601 qui
838 1530 1011 1605 ignorarunt.
1033 1546 1182 1588 censuram
1206 1537 1344 1604 coguntur

256 1629 333 1688 adire
359 1629 548 1705 superiorem,
569 1630 603 1686 ab
626 1648 661 1687 eo
689 1628 859 1695 monendus,
880 1639 909 1687 et
928 1630 1044 1688 nonnisi
1070 1627 1185 1686 salutari
1216 1627 1344 1704 injuncta

256 1728 421 1806 poenitentia
434 1726 634 1786 absolvendus.
677 1727 762 1795 Quod
776 1729 801 1786 si
821 1747 903 1786 casus
918 1747 1066 1788 censuram
1079 1728 1181 1788 habeat
1194 1725 1344 1794 adnexam,

257 1829 319 1886 baec
332 1826 461 1902 quidem,
475 1826 511 1884 ob
526 1827 600 1904 juris
622 1827 852 1903 dispositionem,
868 1846 926 1887 nou
938 1828 1007 1906 ligat
1021 1828 1200 1904 ignorantes:
1223 1825 1273 1884 sed
1287 1843 1344 1883 non

257 1928 322 1986 ideo
333 1927 437 1986 desiuit
449 1927 613 1993 reservatio,
637 1945 700 1999 quae
721 1929 867 2004 precipua
886 1938 930 1985 est
943 1928 972 1986 in
985 1929 1098 1986 casibus
1119 1925 1341 2004 episcopalibus,

256 2046 378 2086 censura
390 2025 500 2084 adnexa
513 2035 544 2084 ut
557 2036 721 2104 peccatores
735 2027 834 2084 fortius
848 2027 980 2102 ligentur,
996 2037 1024 2084 et
1037 2028 1241 2086 absterreantur
1254 2042 1345 2100 apec-

256 2127 336 2192 catis;
348 2125 417 2184 dum
428 2125 456 2182 in
471 2126 745 2202 casibuspapalibus
759 2144 879 2184 censura
890 2135 933 2183 est
946 2127 1099 2204 praecipna,
1113 2125 1265 2206 reservatio
1279 2120 1345 2181 verb

259 2242 387 2282 censurae
402 2223 521 2300 adjecta,
536 2223 658 2298 ideoque
672 2225 807 2300 quicquid
822 2246 838 2283 a
851 2245 971 2300 censura
983 2234 1111 2294 excusat,
1126 2244 1141 2282 a
1154 2223 1345 2283 reservatione

257 2325 343 2382 etiam
358 2318 503 2381 excusat²

301 2426 369 2484 156.
401 2423 553 2481 Peccatum
579 2422 705 2482 mortale
731 2433 837 2483 tantum
863 2424 999 2482 reservari
1026 2424 1114 2490 solet;
1145 2423 1248 2480 frustra
1269 2419 1346 2478 euim

256 2532 446 2582 reservaretur
457 2521 575 2590 veniale,
588 2541 676 2598 quum
687 2523 754 2582 illud
770 2523 898 2582 confiteri
913 2514 1016 2611 nouzsit
1029 2541 1158 2590 necesse,
1174 2523 1303 2594 quamvis
1320 2521 1345 2578 si

256 2631 456 2688 reservaretur,
470 2639 529 2678 uon
543 2632 641 2695 posset
653 2623 757 2680 remitti
771 2641 823 2698 per
836 2633 1043 2684 sacramentum
1060 2621 1242 2700 poenitentiae,
1257 2637 1345 2692 quum

257 2721 408 2796 episcopus
423 2718 582 2777 facultatem
604 2719 797 2788 subduxisset,
819 2720 870 2779 sed
890 2723 953 2781 aliis
974 2723 1129 2780 rationibus
1149 2720 1233 2780 venia
1256 2719 1345 2796 impe-

256 2817 354 2876 tranda
367 2818 448 2875 soret.

298 2920 365 2976 157.
393 2915 519 2974 Interea
538 2923 655 2992 peccata
680 2917 765 2978 etiam
792 2918 969 2994 gravissima,
991 2939 1049 2979 non
1076 2920 1170 2978 solent
1195 2917 1344 2985 reservari,

257 3016 387 3093 quamvis
401 3015 503 3096 procul
516 3014 604 3073 dubio
617 3017 756 3078 reservari
778 3027 905 3094 possent,
926 3039 1015 3094 quum
1035 3017 1200 3078 absolvendi
1221 3027 1345 3095 potestas

255 3117 329 3176 intra
340 3117 457 3184 limites,
472 3134 510 3174 ex
522 3115 635 3174 arbitrio
650 3117 789 3194 episcopi,
799 3119 983 3178 contineatur.
1027 3118 1220 3178 Reservantnr
1230 3126 1345 3195 peccata

255 3227 382 3285 externa,
397 3214 553 3288 etquidem
567 3234 597 3272 re
611 3226 825 3275 consummata:
842 3217 942 3277 odiosa
955 3219 1031 3278 enim
1041 3225 1172 3277 censetur
1182 3218 1343 3285 reservatio,

255 3325 283 3372 et
303 3315 337 3373 ad
360 3326 438 3374 actus
459 3324 673 3373 consummatos
693 3317 880 3392 restringitur,
901 3318 957 3377 nisi
977 3318 1047 3376 alias
1068 3326 1179 3378 constet
1197 3316 1233 3375 de
1252 3326 1344 3374 mente

254 3418 436 3476 reservantis.
459 3413 491 3471 Si
506 3414 632 3475 incestus
646 3424 814 3484 reservetur,
829 3417 939 3476 absolvi
952 3427 1047 3494 potest
1060 3419 1108 3490 qui
1118 3425 1207 3476 tactus
1216 3415 1346 3474 habuerit

254 3524 362 3590 turpes,
377 3515 436 3574 imo
449 3521 478 3572 et
490 3513 636 3589 copulam,
658 3515 767 3573 semine
787 3526 867 3573 extra
885 3535 935 3574 vas
961 3516 1064 3586 effuso,
1087 3535 1153 3575 cum
1172 3516 1342 3593 propinqua.

257 3611 290 3668 si
304 3611 435 3670 sodomia
457 3621 599 3674 reservata
619 3614 664 3681 sit,
690 3613 855 3690 intelligitur
875 3615 962 3674 maris
983 3635 1047 3676 cnm
1062 3635 1149 3684 mare,
1164 3615 1209 3673 vel
1222 3615 1344 3674 soeminae

254 3727 320 3766 cum
340 3708 457 3769 foemina
480 3709 590 3770 coitus:
611 3730 668 3771 non
689 3721 782 3770 autem
807 3731 870 3785 quae
891 3715 1056 3791 imperfecta
1082 3715 1212 3775 sodomia
1231 3713 1342 3781 dicitur,

255 3808 340 3868 maris
354 3807 463 3866 scilicet
474 3826 539 3866 cum
554 3809 670 3868 foemina
684 3811 713 3869 in
728 3830 794 3869 vase
809 3812 944 3872 indebito.
967 3816 1026 3874 Sed
1041 3815 1205 3892 provocatio
1219 3813 1254 3871 ad
1268 3812 1342 3872 duel·

169 3911 175 3918 ’
254 3909 324 3977 lum,
339 3917 367 3966 et
379 3909 442 3987 ejus
457 3907 622 3984 acceptatio,
637 3910 722 3968 etiam
743 3911 878 3971 conflictu
899 3933 958 3972 nou
980 3921 1088 3982 secuto,
1109 3922 1268 3973 reservatur
1281 3930 1343 3989 spe·

253 4009 371 4068 cialibus
393 4009 643 4074 constitutionibus
669 4011 833 4086 pontificiis.
876 4013 1016 4072 Si‘actus
1042 4023 1177 4073 externus
1202 4013 1272 4070 levis
1296 4012 1342 4078 sit,

245 4109 383 4182 'quamvis
397 4111 514 4186 interius
529 4098 627 4185 peccet
641 4111 705 4183 quis
719 4112 896 4188 gravissime,
911 4114 1063 4172 reservatio
1076 4132 1133 4172 nou
1147 4113 1264 4180 obtinet,
1277 4129 1342 4170 nam

151 4227 153 4232 ’
253 4208 371 4286 respicit
384 4211 526 4288 praecipue
541 4217 631 4267 actum
646 4219 806 4269 externum.

294 4311 361 4368 tes.
382 4308 566 4386 impuberum
582 4318 697 4385 peccata
711 4329 768 4368 non
782 4319 933 4369 censentur
949 4320 1102 4380 reservata,
1116 4311 1173 4369 nisi
1187 4310 1341 4387 episcopus

234 4548 235 4552 =
287 4525 329 4590 (l)
349 4523 414 4574 Sese.
425 4526 474 4575 xiv.
486 4540 538 4594 cap.
550 4527 590 4574 vii.
601 4526 631 4575 dc
638 4528 728 4597 poeait.
938 4531 980 4596 (2)
1010 4531 1038 4578 S.
1049 4529 1124 4598 Alph.
1135 4529 1152 4582 l.
1162 4529 1195 4578 vi.
1204 4545 1229 4578 n.
1242 4532 1299 4582 582.
