3172 5172
274 533 331 590 ιιι
619 526 677 587 DE
698 523 1009 587 CONFESSIONE.

310 703 360 760 ιι.
381 695 492 770 siquis
506 693 617 753 noverit
635 710 667 750 se
689 699 838 770 peccatum
859 693 976 752 mortale
996 691 1161 763 admisisse,
1182 695 1234 756 sed
1253 695 1361 757 dubitet

270 809 364 860 etnim
385 793 457 856 illud
471 794 533 872 jam
552 791 703 852 confessus
723 793 769 859 sit,
791 789 850 850 fere
869 809 971 850 omnes
992 793 1173 854 consentiunt
1184 795 1255 856 illud
1268 795 1360 855 decla·

270 897 402 964 rendum,
425 913 480 954 nec
502 892 579 952 enim
601 899 712 950 constat
731 909 797 948 eum
818 890 886 948 satis
899 892 1002 950 fecisse
1015 893 1096 952 oneri
1109 894 1188 968 quod
1200 893 1276 954 certi
1290 913 1358 954 con·

271 999 366 1056 traxit.
409 993 553 1052 Ceterum
578 990 604 1049 si
629 989 778 1068 diligenter
802 993 963 1051 excusserit
988 1000 1071 1050 autea
1093 993 1307 1062 conscientiam,
1330 1003 1359 1052 et

272 1095 447 1158 confessario
459 1091 597 1170 panderit,
611 1089 779 1166 plerumque
792 1090 1012 1150 existimandum
1025 1100 1070 1150 est
1082 1091 1153 1150 illud
1165 1093 1254 1152 fnisse
1267 1093 1360 1170 expli·

271 1207 376 1262 catum,
401 1192 448 1250 vel
472 1191 572 1250 saltem
604 1207 667 1248 rem
694 1188 848 1266 specialem
879 1190 1006 1265 generali
1033 1190 1154 1264 quodam
1180 1192 1359 1252 accusatione

271 1294 426 1354 inclusam:
449 1289 525 1364 quod
539 1289 696 1366 presertim
710 1287 927 1364 intelligendum
947 1297 991 1347 est
1009 1289 1045 1350 de
1065 1290 1120 1367 piis
1132 1290 1296 1352 hominibus
1310 1291 1360 1365 qui

274 1393 359 1452 nimis
385 1397 526 1468 anguntur
545 1388 580 1446 de
605 1387 837 1448 confessionibus
858 1389 990 1466 peractis.
1031 1388 1078 1448 nd
1091 1391 1272 1451 conscientie
1285 1399 1359 1449 tran·

271 1490 448 1566 quillitatem,
468 1507 531 1563 que
547 1496 613 1566 post
633 1486 844 1547 consessionem
864 1487 1026 1564 generalem
1046 1491 1190 1548 memorie
1211 1498 1360 1551 occurrunt

274 1599 407 1650 anteacte
421 1591 485 1647 vite
499 1595 626 1664 peccata,
640 1596 761 1665 possunt
770 1585 905 1663 deinceps
916 1587 1078 1648 confitendo
1091 1591 1232 1650 enarrari:
1248 1588 1360 1664 quodsi

273 1690 377 1767 sepius
391 1695 534 1747 recurrant
554 1705 620 1744 cum
639 1686 742 1744 mentis
765 1684 954 1754 solicitudine,
975 1686 1145 1763 plerumque
1164 1686 1356 1766 prohibendus

271 1789 324 1848 erit
336 1788 478 1866 penitens
498 1785 605 1859 aliquid
627 1784 740 1852 referre,
756 1784 833 1857 quod
846 1793 909 1844 ante
923 1785 1133 1847 confessionem
1147 1787 1276 1848 ultimam
1289 1805 1357 1846 con·

271 1889 342 1966 tigit,
357 1889 412 1947 uisi
426 1895 518 1946 certus
532 1885 650 1943 omnino
664 1884 701 1941 ιιι
713 1882 781 1942 illud
796 1884 884 1942 fuisse
898 1885 1049 1944 omissum.

311 1992 361 2047 57.
382 1988 504 2047 Peccata
516 1984 645 2044 mortalia
658 1980 733 2041 certd
746 1981 881 2052 admissa,
895 2002 958 2056 quse
972 1985 1036 2058 quis
1049 1982 1190 2043 oblivione
1205 1982 1251 2042 vel
1259 2000 1358 2042 neces·

271 2085 351 2143 sitate
365 2085 493 2143 omiserit
505 2083 643 2152 confiteri,
658 2090 725 2140 ιιιιιι
738 2079 874 2159 deinceps
889 2083 1066 2151 declaranda,
1080 2081 1147 2141 licet
1158 2101 1258 2142 eorum
1274 2083 1359 2141 venia

270 2201 335 2242 cum
350 2183 458 2242 ceteris
469 2184 531 2260 jam
546 2183 693 2259 impetrata
706 2182 806 2240 fuerit:
829 2201 894 2240 nam
907 2191 952 2240 est
964 2190 1136 2261 preceptum
1149 2180 1277 2242 divinum
1291 2200 1359 2259 pec·

271 2290 332 2340 cata
344 2281 439 2342 omnia
452 2289 517 2360 post
529 2281 700 2358 baptismum
715 2279 839 2339 admissa
851 2281 1023 2359 subjiciendi
1032 2280 1142 2360 judicio
1151 2275 1358 2342 sacerdotum.1

222 2429 225 2434 .
271 2379 350 2441 Hinc
375 2381 521 2442 damnavit
539 2379 702 2440 Alexander
721 2380 790 2438 Vll.
816 2381 1060 2458 propositionem:
1084 2381 1358 2441 “Peccataincou-

270 2480 395 2542 fessione
408 2483 526 2549 omissa,
544 2498 595 2538 seu
618 2480 704 2540 oblita
723 2480 760 2539 ob
773 2480 883 2538 instans
904 2479 967 2538 vite
980 2480 1149 2556 periculum,
1163 2490 1211 2539 aut
1223 2481 1260 2541 ob
1274 2481 1357 2540 aliem

271 2599 396 2649 causam,
410 2600 469 2640 non
490 2589 620 2637 tenemur
640 2580 670 2637 in
693 2579 825 2650 sequenti
844 2577 1026 2638 confessione
1048 2575 1260 2656 exprimere.”²
1298 2580 1357 2648 Qui

269 2687 450 2753 peccatorum
470 2694 619 2736 numerum
642 2683 727 2754 prout
746 2677 837 2752 potuit
855 2677 960 2746 retulit,
979 2697 1039 2738 non
1063 2687 1173 2739 tenetur
1192 2680 1359 2758 plerumque

270 2776 471 2835 accuratiorem
485 2792 645 2843 numerum,
656 2775 706 2848 qui
716 2776 860 2835 memorie
874 2776 1010 2854 deinceps
1021 2778 1151 2846 occurrit,
1164 2778 1278 2847 referre,
1290 2796 1357 2838 nam

266 2875 328 2952 jam
342 2875 477 2934 satisfecit
485 2874 576 2944 oneri,
586 2882 615 2932 et
623 2873 815 2934 confessarius
820 2875 961 2953 judicavit
974 2877 1009 2936 de
1020 2895 1140 2937 numero
1149 2877 1356 2945 verosimiliori,

270 2975 364 3050 potius
378 2993 462 3048 quam
476 2982 569 3033 certo:
591 2973 643 3032 sed
656 2975 683 3033 si
697 2973 778 3046 ualde
792 2974 904 3034 differat
924 2995 1060 3038 nrrmerus
1083 2993 1167 3035 verus
1189 2978 1224 3037 ab
1236 2978 1357 3036 estima-

270 3075 346 3134 tione
360 3074 443 3145 facta,
458 3074 542 3134 debet
554 3093 633 3133 error
645 3074 759 3151 corrigi.
800 3074 846 3134 Ad
859 3075 1085 3135 circumstantias
1098 3074 1283 3154 supplendas,
1297 3075 1356 3154 ple·

268 3192 389 3247 rumque
415 3193 534 3233 necesse
560 3191 618 3232 non
643 3183 687 3232 est
705 3183 853 3249 peccatum
873 3175 976 3234 iterum
1002 3175 1139 3243 confiteri,
1160 3175 1355 3253 nisispeciem

270 3272 354 3331 aliam
367 3272 516 3332 inducant:
544 3292 578 3331 v:
594 3292 629 3350 g:
651 3272 729 3346 quod
755 3273 819 3346 quis
842 3291 873 3331 se
893 3273 1078 3351 impudicitiae
1104 3273 1286 3344 incusaverit,
1307 3275 1356 3349 qui

268 3372 394 3432 incestus
416 3392 481 3432 reus
502 3382 579 3441 erat:
606 3373 651 3431 vel
671 3372 849 3449 pollutionis,
876 3392 965 3446 quum
991 3373 1109 3433 immani
1129 3374 1237 3434 scelere
1259 3374 1355 3434 bestie

267 3473 442 3532 consortium
462 3472 638 3545 quaesiisset:
660 3472 706 3530 vel
725 3472 774 3544 qui
794 3473 932 3532 malarum
952 3473 1155 3551 cogitationum
1174 3492 1207 3532 se
1221 3491 1302 3533 reum
1314 3491 1357 3531 re·

268 3570 388 3637 tulisset,
409 3571 515 3629 omissa
534 3570 710 3645 pollutionis,
731 3587 818 3642 quam
839 3569 964 3640 admisit,
986 3573 1140 3632 mentione.
1182 3573 1239 3639 Qui
1261 3571 1358 3631 retulit
1435 3613 1439 3621 ,

267 3677 414 3743 peccatum
427 3676 570 3739 tamquam
585 3667 713 3735 dubium,
736 3667 814 3742 quod
833 3668 970 3748 deinceps
990 3681 1099 3731 certum
1112 3689 1177 3732 esse
1191 3669 1354 3729 recordatus

267 3774 319 3834 est,
333 3764 416 3824 debet
429 3763 498 3823 illud
511 3765 614 3824 iterum
636 3766 740 3825 referre
764 3777 909 3842 tamquam
928 3782 1047 3841 certum,
1071 3791 1139 3832 nam
1162 3769 1197 3830 de
1211 3770 1277 3848 ipsa
1289 3771 1355 3829 rub·

266 3866 368 3926 stantia
380 3865 567 3925 accusationis
580 3866 682 3944 agitur,
696 3885 786 3940 quum
800 3878 908 3929 certum
922 3869 1037 3930 adubio
1050 3872 1137 3950 louge
1149 3869 1246 3931 distet.

459 4108 501 4175 (l)
520 4105 584 4156 Vide
595 4107 622 4155 S.
634 4105 725 4159 Thom.
736 4107 762 4158 in
771 4108 803 4159 iv.
812 4109 866 4162 dist
877 4109 928 4160 xxi.
939 4125 980 4176 qu.
989 4109 1014 4160 ii.
1023 4116 1067 4160 ert.
1079 4109 1103 4160 ii.
1115 4109 1146 4184 ad
1157 4109 1174 4160 i.

459 4195 502 4262 (2)
520 4192 566 4244 Xl.
576 4193 639 4245 inter
649 4193 783 4245 ἀιιιιιιιιιιι.
