3144 5192
260 549 319 608 ‘262
631 539 774 602 CAPUT
794 539 977 602 UNlGUM.

256 713 377 772 humero
396 719 473 770 esset
492 710 589 769 unctio
608 707 756 770 iacienda:
778 710 804 767 si
823 725 916 768 caccus
937 725 1052 784 semper
1074 707 1168 775 luerit,
1193 706 1353 786 inungendi

261 823 355 870 omen
368 818 436 870 sunt
448 810 596 870 oculorum
603 809 700 877 loculi,
710 819 742 867 ut
748 810 774 867 si
782 808 851 883 qnid
864 807 960 867 ridere
969 809 1177 885 concupiscens
1190 807 1350 876 admiserit,

261 912 433 989 ignoscatur.

299 1015 330 1070 7.
353 1009 462 1070 “Dum
475 1009 587 1076 oculos,
601 1025 694 1075 eume,
708 1015 737 1066 st
748 1007 804 1066 alia
816 1007 944 1084 corporis
957 1005 1093 1074 membra,
1108 1024 1172 1079 quae
1185 1007 1263 1083 paria
1271 1014 1350 1073 sunt,

262 1109 396 1170 sacerdos
418 1109 509 1187 ungit,
530 1117 629 1167 careat
654 1125 690 1166 ns
716 1107 802 1166 altero
824 1108 952 1184 ipsorum
979 1103 1156 1182 inungendo,
1181 1106 1350 1163 sacramenti

262 1209 383 1268 sormam
411 1209 490 1284 prius
519 1205 656 1273 absolvat,
683 1223 768 1278 quana
802 1205 885 1264 ambo
910 1205 1076 1284 hujusmodi
1109 1205 1188 1282 paria
1220 1204 1350 1263 rnembra

263 1301 460 1384 perunxerit.”
493 1304 537 1364 lta
549 1304 662 1364 Ritusle
676 1305 852 1364 Romanum.

301 1409 330 1462 8.
352 1403 493 1464 Sacerdos
506 1403 583 1463 solus
601 1413 646 1462 est
657 1403 742 1482 hujus
755 1403 924 1464 sacramenti
938 1402 1083 1463 minister:
1098 1401 1149 1461 sed
1163 1411 1242 1462 extra
1252 1419 1349 1460 neces-

262 1503 373 1561 sitatem
389 1502 573 1563 succurrendi
586 1503 765 1580 periclitanti,
779 1521 853 1580 opus
866 1510 909 1559 est
917 1501 1125 1580 jurisdictione,
1140 1512 1172 1560 ut
1183 1502 1267 1560 liceat
1276 1499 1346 1559 illud

262 1602 431 1671 ministrare,
446 1622 512 1662 nam
527 1601 563 1662 ad
577 1602 694 1680 parochi
705 1621 808 1661 munus
819 1610 938 1679 spectat.
981 1599 1049 1659 Hoc
1055 1601 1104 1678 jus
1115 1611 1145 1659 ut
1152 1601 1349 1668 vindicaretur,

262 1703 520 1761 excommunicatio
546 1703 577 1760 in
602 1702 753 1780 religiosos
779 1701 835 1760 lata
861 1710 914 1768 est,
937 1699 1070 1773 quisine
1096 1700 1214 1777 parochi
1235 1699 1351 1758 licentia

263 1801 426 1860 unctionem
441 1811 598 1861 extremam
612 1801 793 1860 secularibus
807 1795 981 1860 conferunt.¹
1002 1799 1087 1859 Unus
1096 1799 1200 1858 sufficit
1207 1798 1349 1866 sacerdos,

263 1901 304 1959 uti
323 1901 451 1961 definivit
476 1899 640 1960 Alexander
660 1893 733 1959 III.²
767 1900 842 1958 Tres
865 1900 978 1967 saltem,
1004 1911 1115 1976 septem
1137 1899 1314 1976 plerumque,
1335 1917 1351 1954 a

264 1999 374 2060 Grecis
402 2000 584 2060 adhibentur:
607 2017 693 2073 quern
716 2017 825 2058 morem
850 1997 1110 2061 commendandum
1129 2016 1193 2056 esse
1213 1997 1297 2056 ducet
1315 1997 1348 2054 S.

264 2099 395 2158 Thomas
407 2095 432 2158 :³
450 2099 502 2158 sed
522 2118 539 2156 a
558 2099 666 2159 ritualia
693 2099 860 2176 prescripto
880 2097 1082 2158 discedendum
1107 2116 1164 2156 non
1184 2105 1237 2165 est,
1255 2097 1292 2155 ita
1316 2105 1347 2153 ut

262 2215 335 2255 unus
348 2197 433 2255 ritum
448 2198 584 2274 perficiat,
599 2198 662 2256 aliis
675 2197 859 2266 adstantibus,
874 2207 902 2255 et
915 2217 999 2275 prece
1012 2207 1120 2257 tanturn
1134 2195 1347 2276 adjuvantibus:

262 2297 291 2355 in
319 2296 447 2373 periculo
470 2307 565 2356 tamen
590 2298 768 2367 imminente,
790 2307 889 2356 censet
913 2293 1124 2356 Busembaum⁴
1145 2297 1239 2374 plures
1265 2312 1350 2372 posse

261 2395 347 2454 simul
366 2415 484 2476 ungere,
498 2397 653 2458 dummodo
666 2417 772 2476 organa
785 2399 992 2477 cujuscumque
1006 2415 1107 2455 sensus
1121 2397 1155 2455 ab
1172 2414 1231 2454 uno
1245 2412 1349 2471 ungan-

264 2505 317 2565 tur,
328 2497 450 2555 etverba
459 2515 584 2574 congrua
592 2497 677 2557 simul
688 2497 722 2556 ab
731 2497 834 2556 eodem
844 2497 1031 2575 proferantur,
1042 2497 1130 2555 altero
1140 2495 1226 2554 simul
1239 2493 1351 2552 alterius

263 2611 365 2654 sensus
379 2614 484 2672 organa
502 2605 637 2673 ungente.
679 2595 711 2654 Si
726 2595 859 2654 sacerdos
873 2595 986 2654 deficiat
1005 2595 1123 2664 viribus,
1137 2594 1182 2652 vel
1205 2593 1348 2661 moriatur,

262 2691 330 2751 dum
353 2705 489 2770 egrotum
509 2693 600 2770 ungit,
621 2692 690 2751 alter
714 2695 819 2770 poterit
844 2695 937 2752 statim
964 2695 1116 2770 prosequi:
1139 2694 1199 2751 “in
1225 2701 1350 2752 extrema

264 2791 398 2848 unctione
411 2809 469 2850 non
484 2800 607 2867 potesta
620 2792 712 2867 eapite
726 2791 861 2868 incipere,
876 2791 926 2850 sed
945 2791 1029 2851 debet
1041 2811 1156 2871 semper
1174 2791 1347 2872 procedere:

263 2887 330 2960 quia
343 2889 439 2947 unctio
461 2890 490 2948 in
504 2888 603 2948 eadem
618 2899 698 2969 parte
717 2891 790 2950 sacta
810 2899 918 2951 mnium
940 2891 1024 2961 valet,
1039 2911 1072 2951 ac
1094 2893 1120 2952 si
1139 2898 1350 2951 consecraretur

263 2987 307 3046 bis
328 2987 428 3048 eedem
452 2988 563 3048 hostia:
585 2989 663 3063 quod
688 2990 768 3051 nullo
792 2990 879 3052 modo
903 2981 1065 3050 faciendum
1086 3000 1139 3050 cst.
1174 2992 1238 3051 Nec
1257 3000 1350 3049 tamen

263 3087 456 3148 ministrorum
470 3089 616 3169 pluralitas
630 3089 702 3150 tollit
720 3093 856 3150 unitatem
870 3091 956 3168 hujus
969 3092 1148 3160 sacramenti,
1164 3091 1232 3165 quia
1250 3091 1349 3148 instru-

263 3189 422 3249 mentaliter
436 3198 541 3249 tantum
551 3200 713 3267 operantur.
756 3191 880 3252 Mutatio
893 3201 986 3249 autern
1004 3190 1197 3250 martellorum
1207 3209 1265 3249 non
1280 3187 1350 3247 tollit

263 3289 399 3347 unitatem
431 3290 605 3367 operationis
637 3285 758 3349 sabri.”⁸
802 3291 841 3349 ht
871 3291 897 3348 si
926 3299 1040 3369 ternpus
1066 3291 1191 3351 notabile
1216 3289 1350 3356 elabatur,

263 3396 415 3461 antequam
438 3388 572 3449 sacerdos
597 3390 752 3467 reperiatur
777 3391 826 3463 qui
849 3391 1013 3449 unedonem
1036 3389 1172 3467 perficiat,
1199 3399 1299 3448 censet
1316 3385 1349 3444 S.

263 3484 431 3564 Alphonsus
444 3490 609 3548 unctionem
622 3507 685 3548 esse
699 3488 854 3548 iterandam
873 3491 927 3549 sub
940 3489 1114 3558 conditione,
1128 3500 1160 3548 ut
1172 3507 1209 3549 cx
1229 3487 1349 3566 singulis

265 3586 446 3644 unctionibus
459 3588 545 3646 unica
557 3589 667 3666 integra
677 3588 764 3647 simul
777 3582 939 3648 habeatur.⁶

302 3684 331 3737 9.
354 3681 490 3740 Minister
500 3682 609 3742 adstare
622 3685 705 3744 debet
714 3684 854 3744 sacerdoti
867 3688 1004 3765 ungenti:
1019 3705 1106 3762 quern
1120 3687 1250 3747 omittere
1267 3685 1351 3762 culpa

265 3777 374 3838 videtur
393 3781 522 3850 venialis,
537 3781 588 3840 sed
608 3782 683 3861 apud
705 3801 759 3842 nos
778 3785 828 3844 vix
849 3785 947 3846 haberi
969 3796 1072 3864 potest,
1086 3786 1208 3860 ideoque
1229 3785 1349 3846 omissio

264 3880 432 3938 necessitate
445 3889 608 3940 excusatur.

306 3983 353 4039 10.
374 3981 458 4040 Ritus
472 3983 654 4060 praescriptus
667 3991 795 4042 accurate
809 3983 966 4044 servandus
981 3993 1034 4044 est.
1075 3983 1155 4045 Dicit
1173 3985 1207 4044 S.
1221 3985 1351 4062 Alphon·

264 4097 314 4138 sus
327 4089 433 4140 certum
446 4098 511 4140 esse
524 4082 647 4160 gravitm
658 4101 777 4160 peccare
790 4085 967 4145 sacerdotem
989 4083 1038 4158 qui
1050 4093 1132 4145 extra
1149 4085 1350 4144 necessitatem

263 4180 335 4246 stola
349 4189 377 4238 et
392 4181 600 4261 superpelliceo
613 4182 643 4241 in
659 4182 794 4266 ungendo
811 4194 917 4264 aegroto
929 4203 987 4244 non
1000 4185 1102 4244 utitur:
1124 4194 1255 4244 oaeterum
1274 4179 1350 4260 apud

298 4341 340 4406 (1)
361 4335 481 4392 clement.
492 4341 511 4391 l.
525 4342 555 4394 de
561 4342 679 4411 privileg.
794 4346 837 4411 (2)
857 4346 887 4394 ln
898 4360 950 4408 cap.
963 4343 1078 4404 Quaesivi,
1089 4343 1119 4395 de
1130 4342 1194 4396 verb.
1205 4341 1315 4411 signifie·

297 4425 340 4490 (a)
360 4423 719 4493 nnsaamgencenm.
796 4428 1224 4497 (4)vidsS.A1ph.1.vi.n.rae.

298 4510 340 4575 (5)
360 4508 528 4574 Supp1.iii.p
540 4510 827 4573 quadraminum.
1041 4513 1084 4579 (6)
1102 4511 1132 4562 L.
1144 4511 1175 4561 vi.
1187 4527 1212 4562 rc
1226 4512 1283 4561 724.
