3144 5192
476 545 533 605 DE
555 544 738 606 MUNERE
760 542 1050 603 OONFESSARII.
1251 548 1320 616 269,

221 713 337 780 delatio,
349 713 386 782 ,si
409 713 444 770 ab
464 712 559 784 aliquo
580 713 678 784 nequit
696 710 758 769 fieri
779 728 830 787 per
842 728 883 777 se,
898 709 997 767 saltem
1013 720 1056 768 est
1068 709 1196 769 facienda
1210 708 1311 790 (modo

222 813 297 872 absit
305 811 463 886 periculum
473 811 595 889 propriae
606 807 742 889 infamiae)
753 827 808 886 -per
820 808 981 885 epistolam,
991 810 1037 868 vel
1051 810 1133 870 aliam
1148 828 1311 886 personam,

223 913 268 970 vel
283 909 423 968 monendo
432 909 570 988 judicem,
584 918 615 966 ut
627 911 718 967 mittat
730 908 869 968 notarium
884 907 913 964 iu
926 907 1044 967 domum
1058 928 1156 976 suam;
1172 909 1220 982 qui
1234 910 1311 968 enim

222 1019 331 1068 tenetur
344 1007 379 1066 ad
392 1009 489 1077 finem,
504 1017 615 1068 tenetur
627 1011 712 1067 etiam
726 1008 761 1066 ad
775 1001 917 1066 media.”l
958 1007 988 1064 N
990 1026 1028 1066 on
1042 1018 1152 1067 tenetur
1165 1007 1310 1066 confessa-

222 1109 279 1166 rius
293 1109 322 1166 in
336 1126 368 1164 se
383 1107 412 1166 id
425 1108 520 1166 oneris
541 1108 704 1184 suscipere;
728 1107 779 1165 sed
799 1125 852 1164 suo
876 1107 986 1164 muneri
1007 1107 1151 1174 satisfacit,
1167 1106 1313 1187 mouendo¹

220 1208 404 1285 poenitentem
430 1216 462 1264 ut
486 1216 647 1282 opportuno
668 1215 795 1282 tempore
819 1223 898 1263 reum
920 1205 972 1262 rite
993 1198 1175 1264 denuntiet:2
1208 1208 1312 1282 poterit

221 1318 326 1373 tamen,
341 1306 367 1362 si
390 1306 534 1363 censuerit
552 1304 710 1381 expedire3
731 1304 782 1362 sed
802 1311 945 1378 oporteret
958 1313 1038 1362 extra
1051 1302 1171 1363 tribunal
1185 1307 1226 1364 rei
1240 1305 1313 1362 uoti-

195 1397 196 1400 *
222 1407 289 1464 tiam
303 1404 448 1480 excipere.
490 1404 687 1470 Denuntiatio,
711 1404 759 1460 ubi
779 1401 890 1469 desunt,
914 1412 998 1475 prout
1018 1402 1093 1480 apud
1113 1423 1177 1472 nos,
1193 1403 1312 1476 inquisi-

223 1515 308 1570 tores,
332 1503 476 1580 episcopis
499 1503 628 1562 facienda
647 1511 700 1569 est,
721 1484 750 1559 et
772 1499 888 1574 quidem
902 1500 958 1558 loci
972 1502 1002 1558 in
1016 1521 1072 1574 quo
1086 1513 1211 1560 versatur
1223 1503 1313 1578 poeni·

224 1613 296 1668 tens,
312 1601 402 1677 ipsius
423 1603 500 1660 anim
521 1612 564 1658 est
586 1601 718 1678 excipere
734 1602 857 1677 juratam
877 1597 1127 1670 denuntiationem,
1142 1620 1261 1675 eamque
1276 1601 1311 1660 ad

223 1702 394 1778 episcopum
407 1701 459 1768 rei,
474 1702 499 1758 si
514 1701 585 1759 forte
600 1701 729 1762 diversus
744 1700 789 1766 sit,
807 1698 1003 1757 transmittere.

261 1802 331 1864 246.
354 1799 387 1856 Si
400 1808 511 1876 constat
524 1799 730 1858 confessarium
744 1797 923 1856 emendatum
936 1814 1010 1866 esse,
1026 1798 1213 1857 nihilominus
1223 1801 1309 1875 juxta

223 1898 392 1956 sententiam
405 1899 635 1974 probabiliorem,
651 1896 779 1957 facienda
792 1905 836 1954 est
849 1895 1035 1966 denuntiatio,
1050 1916 1114 1970 quae
1128 1898 1163 1955 ad
1176 1897 1314 1955 cautelam

223 1997 411 2074 praescribitur
437 1998 605 2066 universim,
633 1997 730 2054 relicto
757 1997 871 2054 arbitrio
900 1995 991 2070 judici
1023 2014 1121 2072 poenas
1146 1989 1315 2072 irrogandi.³

224 2095 367 2155 Caeterum
381 2105 448 2156 sunt
461 2099 511 2171 qui
531 2088 629 2156 dicunt
648 2114 759 2154 cessare
782 2094 966 2154 denuntiandi
985 2095 1197 2172 obligationem,
1219 2114 1315 2154 emen·

224 2195 288 2253 dato
310 2214 369 2262 reo,
391 2197 457 2268 quia
477 2196 581 2255 desinit
599 2196 664 2254 finis
678 2196 843 2270 principalis
863 2194 953 2270 legis:
981 2195 1033 2252 sed
1059 2193 1094 2254 de
1116 2194 1314 2276 emendatione

225 2293 307 2352 debet
319 2295 438 2353 omnino
452 2307 591 2354 constare.
633 2294 808 2353 Diuturnum
823 2293 899 2366 qucd
913 2292 1023 2352 effluxit
1036 2295 1172 2371 temporis
1187 2296 1311 2372 spatium

226 2392 441 2450 aeolicitaticne
454 2413 512 2452 non
531 2395 617 2452 solvit
637 2395 819 2470 penitentem
840 2411 927 2450 onere
948 2391 1142 2461 denuntiandi,
1159 2395 1244 2471 juxta
1263 2392 1311 2449 de-

225 2499 330 2548 cretum
345 2491 493 2551 Benedicti
502 2488 602 2552 XIV!
615 2493 665 2550 sed
680 2511 768 2564 quum
783 2493 931 2568 “longum
947 2491 1081 2568 tempus'’
1095 2492 1124 2548 in
1135 2493 1200 2568 jure
1213 2491 1314 2549 intelli·

225 2599 306 2668 gatur
319 2590 500 2660 decennium,
511 2594 559 2652 vix
573 2611 607 2651 eo
621 2592 718 2667 elapso
729 2593 840 2650 videtur
853 2590 1037 2650 denuntiandi
1045 2591 1178 2667 obligatio
1189 2608 1328 2663 manere.-

225 2691 257 2748 Si
271 2709 287 2747 e
301 2692 373 2750 vivis
394 2689 557 2751 discesserit
576 2711 652 2759 reus,
673 2691 770 2765 utique
783 2691 868 2758 desiit
889 2692 985 2750 omnis
1008 2690 1228 2750 denuntiationis
1243 2690 1314 2749 obli·

226 2783 327 2867 gatio.⁵

261 2893 320 2947 247
342 2889 439 2946 Ptenaa
461 2891 659 2958 severissimae,
684 2889 892 2949 ordinariorum
915 2889 1040 2958 arbitrio,
1062 2891 1221 2966 irrogantur
1246 2891 1313 2957 reis,

225 2987 274 3060 qui
288 2997 316 3043 et
329 2987 474 3045 incurrunt
487 2999 651 3064 perpetuam
665 2989 919 3047 inhabilitationem
934 2989 968 3046 ad
982 2989 1114 3046 sacrificii
1128 2989 1228 3046 Missae
1242 2988 1315 3046 eele-

225 3086 392 3152 bratiouem,
414 3105 450 3143 ex
474 3086 620 3144 Benedicti
642 3088 726 3146 XIV.
748 3091 910 3146 auctoritate
931 3105 986 3159 qua
1006 3086 1149 3143 decretum
1171 3087 1203 3144 S.
1219 3086 1313 3162 Cong.

226 3185 336 3257 lnquis.
353 3189 380 3242 5.
396 3186 517 3261 Augusti
533 3189 622 3244 1745.
637 3187 834 3245 confirmatum
849 3200 902 3245 est.
924 3184 1096 3243 Fitlacultas
1112 3192 1131 3219 “
1142 3183 1315 3260 procedendi

226 3301 292 3341 eum
306 3284 422 3342 testibus
436 3285 520 3343 etiam
540 3285 739 3362 singularibus,
760 3285 916 3345 dummodo
937 3269 1184 3361 praesumptiones‚
1200 3282 1314 3352 indicia,

225 3392 254 3439 et
274 3382 329 3440 alia
349 3383 520 3441 adminicula
541 3377 758 3443 concurrant.”⁶
798 3384 942 3442 Caeterum
964 3401 1048 3440 nemo
1070 3375 1247 3442 damnandus
1273 3395 1317 3440 est

225 3483 400 3558 gravissimis
415 3482 470 3540 illis
484 3484 576 3559 poenis
597 3484 634 3540 ob
654 3485 738 3542 unius
760 3483 1022 3542 denuntiationem:
1045 3501 1098 3540 nee
1118 3481 1182 3555 quis
1205 3493 1317 3540 tenetur

224 3599 272 3639 eas
286 3582 315 3640 in
330 3601 361 3640 se
383 3583 540 3658 suscipere,
561 3601 628 3640 cum
641 3582 724 3640 lamae
738 3582 919 3650 detrimento,
933 3582 1074 3655 quamvis,
1090 3583 1115 3641 si
1128 3582 1222 3658 possit
1235 3582 1315 3639 brevi

224 3681 430 3741 absolutionem
446 3693 474 3739 et
494 3682 737 3758 dispensationem
760 3683 897 3750 obtinere,
919 3681 1034 3739 deberet
1054 3681 1215 3754 aliquandiu
1231 3681 1315 3740 absti-

223 3799 289 3838 nere
303 3801 319 3837 a
333 3783 420 3840 missa
433 3780 612 3848 celebranda,
627 3778 740 3852 quando
754 3782 844 3856 possit
857 3782 933 3839 fama
945 3775 1068 3840 illaesa.⁷

264 3881 333 3934 248.
357 3879 584 3939 Constitutiones
599 3879 757 3938 Pontifieiae
772 3879 806 3937 de
829 3881 883 3938 hac
902 3899 932 3937 re
957 3881 1016 3939 “in
1037 3880 1163 3957 singulas
1185 3879 1315 3936 nationes

225 3975 381 4035 universim
403 3979 476 4036 vires
497 3998 564 4038 suas
587 3970 794 4046 extendunt‚”⁸
816 3988 844 4037 et
864 3977 940 4056 apud
958 3998 1010 4039 nos
1031 3988 1151 4053 receptae
1173 3975 1314 4034 videntur.

293 4142 304 4208 )
324 4142 351 4192 S.
363 4141 437 4205 Alph.
449 4142 466 4192 l.
476 4143 509 4194 vi.
520 4160 545 4192 n.
559 4145 616 4193 699.
822 4146 865 4210 (2)
884 4143 984 4193 Ibidem.

293 4229 304 4293 )
324 4227 425 4287 Ibidem,
436 4243 461 4276 n.
473 4230 530 4277 686.
818 4230 860 4294 (4)
880 4228 954 4277 Bulla
966 4227 1166 4296 &cernentum

294 4315 305 4377 )
326 4311 353 4359 S.
365 4310 441 4376 Alph.
450 4311 466 4360 1.
477 4311 509 4361 vi.
520 4329 546 4361 n.
559 4315 618 4364 692.

294 4398 306 4463 )
327 4395 413 4447 Gonst
425 4395 551 4448 Benedirt.
562 4397 631 4448 XIV.
645 4398 836 4450 Scrrcmcntcm
845 4393 1009 4462 penitentia.

293 4484 304 4549 )
324 4481 350 4533 S.
363 4481 438 4547 Alph.
450 4483 466 4532 l.
478 4483 509 4532 vi.
521 4499 547 4531 n.
559 4485 615 4532 706.
830 4483 873 4548 (8)
893 4479 979 4529 Const.
990 4478 1050 4531 Etsi
1058 4477 1200 4544 pastoralis.

261 4143 288 4208 (l

262 4228 291 4293 (3

263 4312 292 4377 (5

263 4397 292 4462 (6

262 4482 291 4546 (7
