3108 5162
498 572 554 632 Du
576 570 997 631 DISPENSATIONIBUS.
1237 578 1296 634 369

249 743 319 799 226.
341 737 460 806 Quoties
486 739 696 796 matrimonium
724 737 833 794 nullum
859 737 947 795 fuisse
970 738 1097 794 noscitur
1121 756 1158 796 err
1183 737 1295 799 defectu

209 857 366 897 consensus
380 838 440 895 veri
462 839 490 896 in
510 846 629 908 utroque
649 834 842 904 contrahente,
858 836 1036 894 renovandus
1058 845 1100 894 eet
1120 838 1154 894 ab
1173 847 1294 914 utroque

209 955 367 995 consensus
394 937 497 1004 verbis,
511 936 563 993 ‘vel
590 936 645 992 alio
669 934 775 992 indicio
798 935 968 992 sufficiente.
1011 933 1124 1011 Copula
1150 937 1294 1014 conjugali

167 1070 169 1074 ·
210 1037 312 1094 affectu
332 1035 427 1092 habita
445 1053 618 1093 consensum
644 1035 711 1090 satis
732 1033 869 1090 declarat:
894 1042 1066 1109 quapropter
1092 1035 1141 1107 qui
1162 1036 1293 1096 ancillam

209 1133 336 1202 duxerat,
348 1135 482 1209 ignorans
496 1133 628 1191 servilem
642 1134 704 1209 ejus
718 1132 923 1198 conditionem,
937 1140 1081 1207 etpostea,
1091 1152 1125 1190 ea
1138 1145 1293 1209 comperte,

209 1251 272 1290 eam
292 1233 442 1291 carnaliter
464 1233 606 1308 cognovit,
629 1231 795 1307 compulsus
819 1241 863 1288 est
882 1249 943 1288 eam
970 1225 1117 1290 retinere.1
1158 1231 1294 1297 Quodsi

209 1331 330 1389 defuerit
355 1349 511 1390 consensus
531 1349 613 1388 verus
634 1331 790 1388 alterutrius
813 1339 929 1396 tantum,
943 1329 1117 1406 supplendus
1141 1339 1201 1387 est:
1226 1331 1294 1390 dum

209 1447 365 1489 consensus
379 1429 494 1488 alterius
505 1439 676 1504 perseverat,
689 1447 753 1485 nam
769 1431 863 1503 puella
877 1447 940 1500 quee
951 1429 1011 1486 viro
1023 1429 1121 1486 tradita
1134 1437 1177 1487 est
1195 1429 1293 1499 invita,

209 1547 386 1605 perannum
408 1548 473 1587 cum
494 1527 615 1587 dimidio
641 1527 776 1602 deinceps
798 1528 825 1584 ei
845 1527 995 1602 conjuncta
1015 1526 1116 1584 affeetu
1142 1529 1295 1605 conjugali,

207 1628 356 1686 tenebatur
368 1626 404 1684 ad
417 1646 482 1685 eum
496 1627 598 1695 redire,
614 1646 701 1699 quum
716 1645 872 1684 consensus
885 1644 923 1683 ex
937 1628 1080 1685 consortio
1093 1626 1142 1683 illo
1163 1626 1295 1688 diuturno

209 1719 414 1803 colligeretur.²
454 1726 584 1784 Tenetur
609 1735 701 1783 autem
721 1726 890 1800 plerumque
913 1724 1049 1801 deceptor
1068 1743 1167 1783 verum
1188 1744 1295 1802 ponere

209 1843 393 1892 consensum,
406 1824 440 1882 ad
450 1825 635 1901 reparandam
650 1825 779 1900 injuriam
795 1843 832 1880 ex
845 1825 959 1882 fictione
972 1825 1195 1900 provenientem.

247 1929 318 1982 227.
339 1923 373 1979 Si
386 1941 542 1981 consensus
556 1941 639 1980 verus
656 1924 750 1980 irritus
765 1923 849 1980 luerit
871 1925 907 1982 ob
921 1921 1159 1998 impedimentum
1179 1925 1296 1983 canoni·

210 2042 286 2090 cum,
300 2039 419 2080 necesse
433 2030 477 2078 est
489 2022 732 2098 dispensationem
746 2032 851 2098 petere,
861 2031 889 2080 et
902 2023 1014 2080 interim
1025 2041 1041 2077 a
1054 2021 1130 2078 coitu
1144 2021 1294 2080 abstinere.

208 2121 361 2197 Impetrata
386 2119 600 2196 dispensatione
626 2120 805 2178 renovandus
841 2131 885 2178 est
910 2137 1069 2178 consensus
1095 2119 1130 2176 ab
1163 2127 1294 2192 utroque,

209 2238 298 2292 quum
312 2220 389 2276 enim
402 2219 589 2277 laboraverint
601 2219 817 2294 impedimento,
828 2220 981 2292 nequibant
993 2237 1135 2276 consensu
1147 2235 1199 2275 suo
1209 2219 1297 2293 priori

208 2327 383 2376 contractum
403 2298 527 2385 efficere,
541 2326 569 2374 et
590 2326 676 2374 “non
689 2317 816 2374 firmatur
829 2326 915 2375 tractu
939 2317 1076 2393 temporis
1090 2314 1166 2389 quod
1179 2314 1214 2374 de
1230 2318 1298 2394 jure

209 2417 245 2475 ab
265 2417 345 2474 initio
367 2434 425 2475 non
445 2407 624 2473 subsistit.”³
664 2414 748 2480 Quod
775 2415 800 2470 si
822 2403 858 2472 eir
876 2413 978 2473 delicto
998 2415 1109 2472 occulto
1135 2412 1293 2474 alterutrius

209 2524 301 2574 ortum
315 2516 352 2572 sit
360 2503 607 2590 impedimentum,
617 2514 768 2586 requiritur
780 2521 810 2570 ut
823 2513 891 2570 alter
903 2512 1052 2590 conjuxde
1060 2512 1184 2570 nullitate
1193 2515 1294 2589 prioris

209 2633 367 2673 consensus
382 2614 484 2672 certior
496 2603 554 2680 fiat,
568 2613 617 2670 sed
632 2613 670 2669 ita
690 2621 769 2670 caute
783 2620 815 2668 ut
827 2610 962 2669 delictum
980 2631 1120 2684 nusquam
1141 2609 1295 2688 detegatur.

213 2713 285 2772 Haec
298 2712 432 2782 conditio,
447 2731 510 2785 quse
524 2730 637 2787 semper
650 2711 799 2787 apponitur
811 2709 1027 2786 dispensationi,
1038 2711 1135 2768 nititur
1141 2711 1293 2787 principio,

208 2812 285 2885 quod
299 2831 456 2870 consensus
473 2812 558 2869 simul
572 2810 748 2886 praestandus
762 2817 806 2866 est
818 2810 853 2866 ab
865 2809 986 2878 idoneis,
1002 2809 1101 2882 quales
1112 2826 1169 2865 non
1183 2808 1296 2868 luerunt

208 2910 276 2967 dum
291 2908 527 2984 impedimentum
541 2909 681 2965 obstaret:
696 2927 855 2966 consensus
870 2919 962 2968 autem
977 2909 1025 2981 qui
1039 2927 1076 2966 ex
1090 2907 1294 2966 consuetudine

209 3007 329 3066 maritali
343 3005 494 3082 colligitur,
508 3023 548 3062 ex
561 3023 655 3062 errore
673 3007 772 3072 oritur,
788 3005 865 3076 quod
884 3007 963 3081 prior
975 3024 1133 3062 consensus
1147 3016 1295 3065 censeatur

208 3106 313 3162 valere.
356 3103 500 3161 Ceterum
522 3104 546 3160 si
567 3103 629 3159 haec
648 3102 773 3160 conditio
793 3113 916 3174 nequeat
928 3101 1052 3179 impleri,
1066 3113 1185 3159 censent
1197 3103 1294 3178 plures

208 3202 341 3261 sufficere
360 3210 391 3260 ut
410 3221 475 3278 pars
498 3202 612 3258 conscia
635 3200 831 3275 impedimenti
845 3218 944 3259 verum
964 3207 1051 3276 ponat
1069 3217 1251 3270 consensum,
1267 3212 1297 3260 et

209 3302 341 3378 copulam
353 3301 456 3358 habeat
467 3299 570 3358 affectu
586 3299 725 3357 maritali:
742 3300 771 3356 in
784 3299 950 3372 gravissima
963 3299 1040 3356 enim
1060 3316 1152 3355 rerum
1174 3296 1295 3358 difficul-

209 3409 263 3458 tate
276 3409 409 3459 censetur
418 3398 500 3458 sedes
514 3398 680 3476 Apostolica
693 3396 819 3454 relaxare
840 3397 913 3454 hanc
927 3395 1130 3463 conditionem,
1145 3414 1181 3453 ne
1195 3398 1294 3455 animae

209 3499 355 3558 intereant.
408 3498 527 3565 Quoties
554 3498 724 3573 poenitentes
750 3494 827 3551 haud
847 3495 1025 3571 suspicantur
1049 3493 1294 3570 impedimentum,

209 3606 323 3675 praestat
342 3615 392 3655 eos
410 3599 441 3656 in
460 3595 609 3654 bonafide
632 3596 803 3667 relinquere,
818 3592 910 3651 donec
929 3594 1105 3669 dispensatio
1125 3593 1293 3660 obtineatur,

209 3697 287 3758 salvo
302 3696 395 3773 sigillo
414 3696 614 3762 consessionis,
629 3703 657 3752 et
679 3695 703 3752 si
720 3691 870 3750 difficultas
893 3691 1047 3751 renovandi
1067 3709 1225 3750 consensus
1245 3693 1295 3749 vix

208 3795 365 3872 superanda
378 3794 515 3862 videatur,
532 3792 750 3871 praestatadhuc
771 3784 882 3850 silere.⁴
914 3792 1008 3850 Docet
1020 3791 1135 3864 quidem
1156 3790 1295 3848 Benedic-

209 3902 254 3951 tus
268 3893 351 3951 XIV.
373 3893 525 3951 Summum
547 3893 716 3951 Pontificem
730 3910 817 3967 posse
831 3891 995 3967 dispensare
1008 3892 1038 3948 in
1051 3890 1156 3954 radice,
1169 3887 1294 3946 tollendo

209 3990 415 4068 impedimento
429 3991 632 4058 ecclesiastico,
648 3989 722 4062 quod
736 3990 819 4046 unice
833 3989 960 4046 obstabat
972 4007 1007 4046 ne
1028 4005 1185 4044 consensus
1204 3985 1293 4046 libere

210 4089 291 4148 datus
306 4091 363 4148 vim
376 4106 457 4146 suam
472 4089 506 4145 ab
519 4088 601 4145 initio
614 4079 778 4145 obtineret.⁵

280 4311 322 4377 (ι)
341 4269 630 4376 onaanjugm.
833 4305 876 4370 (a)
895 4300 1231 4369 enarraremus

280 4397 323 4462 (3)
343 4395 403 4457 Reg.
410 4394 458 4462 jur.
469 4392 574 4443 mittin
586 4394 609 4440 6.
829 4389 871 4456 (t)
890 4385 1230 4456 videcapueomangutn.

280 4481 322 4547 (b)
343 4479 447 4532 Oonstit
456 4481 490 4529 27
502 4477 570 4542 Sept.
584 4477 656 4525 175⁶.
668 4473 762 4525 Bullar.
774 4480 792 4522 t.
803 4472 837 4524 iv.
