3124 5168
594 565 652 626 DE
673 566 959 628 ΙΝΤΕΝΤΙΟΝΕ.
1288 573 1321 628 ll

276 737 323 795 17.
344 734 570 803 Matrimonium,
585 750 673 807 quum
694 735 732 793 sit
751 744 920 805 contractus,
943 733 1121 794 conditiones
1140 734 1253 796 facilius
1276 733 1324 792 ad·

234 834 328 903 mittit,
342 835 470 907 quamvis
492 833 570 894 haud
589 843 697 892 manere
716 833 774 892 sint
793 835 945 911 ponenda.
987 833 1021 892 Si
1033 835 1187 916 respiciant
1198 835 1324 912 praeteri·

232 939 301 1002 tum,
317 933 361 992 vel
374 951 500 1010 praesens
514 943 638 1010 tempus,
658 933 733 992 valet
745 942 916 1003 contractus,
938 932 1103 993 conditione
1116 933 1244 1010 impleta,
1257 951 1321 1001 seu,

231 1030 271 1088 uti
284 1032 373 1101 aiunt,
382 1031 561 1111 purificato.
601 1031 648 1091 De
661 1032 757 1092 suturo
769 1034 854 1092 ctiam
867 1041 1013 1111 ponuntur
1024 1032 1217 1092 conditiones.
1243 1031 1323 1092 Con·

231 1126 355 1190 ditiones
369 1140 465 1208 turpes
479 1151 543 1206 quoe
563 1149 621 1190 non
641 1131 755 1190 obstant
767 1142 872 1190 namne
886 1132 1068 1200 matrimonii,
1089 1140 1118 1190 ct
1129 1132 1322 1210 impossibiles

230 1245 355 1306 pronon
368 1229 488 1309 adjectis
501 1231 650 1290 habentur.
691 1229 738 1288 De
758 1230 804 1289 his
825 1231 959 1290 omnibns
980 1229 1134 1308 specialius
1154 1231 1185 1289 in
1204 1239 1323 1290 tractatu

231 1324 266 1384 de
279 1330 460 1389 matrimonio
473 1329 615 1407 agendum
627 1328 690 1387 erit.

273 1431 321 1486 18.
347 1429 472 1488 Intentio
496 1429 533 1488 ad
557 1447 620 1488 rem
646 1426 864 1486 determinatam
886 1426 970 1506 dirigi
995 1427 1090 1496 debet,
1115 1446 1183 1488 nam
1208 1428 1323 1488 animus

232 1523 358 1600 alioquin
371 1527 444 1586 soret
455 1546 546 1606 vagus
559 1537 588 1587 et
600 1527 743 1586 incertust
763 1526 836 1586 nihil
848 1526 968 1604 proinde
982 1526 1108 1586 efficeret
1120 1527 1169 1601 qui
1181 1545 1269 1588 unam
1282 1546 1321 1590 ex

234 1623 365 1700 plurimis
395 1625 499 1685 hostiis
524 1628 608 1686 vellet
640 1644 816 1696 consecrare,
849 1627 945 1686 animo
969 1625 1005 1684 ad
1031 1626 1140 1686 nullam
1164 1627 1324 1704 specialiter

235 1720 361 1782 directo:
382 1725 423 1783 nti
443 1735 562 1785 monent
581 1725 703 1784 Ritualis
726 1725 868 1784 Rubrium.
910 1725 1055 1786 Ceterum
1074 1743 1193 1785 necesse
1208 1737 1325 1786 nonest

233 1829 265 1878 nt
290 1823 339 1895 qui
363 1823 552 1884 absolvendus
577 1833 620 1882 est
644 1825 762 1884 nomine
787 1825 955 1896 innotescat,
977 1822 1135 1884 dummodo
1159 1826 1191 1886 in
1216 1835 1323 1884 cernam

233 1920 376 1995 quendam
396 1921 544 1984 bominem
563 1925 691 1984 animum
714 1924 841 1983 intendat
859 1924 1005 1984 sacerdos.
1046 1921 1134 1992 Quod
1152 1924 1178 1982 ai
1190 1924 1277 1984 abum
1292 1942 1324 1984 se

233 2021 379 2081 absolvere
392 2031 481 2100 putet,
501 2024 545 2084 nil
566 2025 668 2094 obstat,
683 2022 840 2083 dummodo
859 2024 914 2082 sibi
927 2033 995 2084 tunc
1007 2031 1178 2101 presentem
1191 2023 1260 2082 velit
1273 2024 1319 2082 ab·

232 2120 352 2179 solvere.
392 2121 429 2182 ln
441 2124 622 2182 matrimonio
634 2131 727 2182 autem
741 2142 820 2182 error
833 2142 964 2200 persone
977 2124 1058 2182 vitiat
1069 2141 1255 2182 eonsensum.

274 2223 323 2277 19.
342 2219 476 2280 Praeaens
494 2240 557 2281 esse
570 2223 657 2280 debet
675 2225 793 2282 materia
811 2222 842 2280 in
861 2241 948 2296 quam
968 2224 1089 2282 intentio
1108 2221 1205 2290 fertur,
1219 2230 1250 2280 ut
1262 2241 1324 2282 mo·

234 2316 302 2375 ralis
316 2318 353 2376 sit
372 2320 537 2396 conjunctio
551 2321 624 2378 inter
636 2322 784 2379 materiam
804 2331 834 2378 et
852 2321 994 2382 formam:
1015 2340 1078 2395 qua
1100 2331 1196 2382 tamen
1209 2321 1240 2380 in
1253 2340 1323 2382 non·

236 2415 324 2474 nullis
349 2418 533 2476 sacramentis
565 2416 670 2475 arctior
699 2435 765 2476 csse
790 2417 886 2476 debet.
936 2418 1040 2476 Hostia
1063 2419 1149 2496 longe
1175 2420 1283 2479 dbmns
1308 2439 1326 2478 a

233 2513 381 2574 sacerdote
393 2533 452 2575 non
464 2523 559 2593 potest
571 2514 717 2592 designari
730 2515 824 2574 verbis
837 2516 1074 2576 corneorationis:
1096 2525 1124 2576 et
1136 2533 1170 2576 ea
1183 2535 1246 2592 quae
1259 2536 1324 2580 eum

233 2614 300 2673 latet
312 2631 371 2674 non
384 2624 518 2674 censetur
529 2632 657 2694 praesens
670 2616 708 2684 ei,
728 2615 796 2674 licet
808 2633 908 2676 revera
920 2634 1010 2694 prope
1023 2615 1069 2685 sit,
1091 2635 1127 2674 v:
1140 2634 1177 2694 g:
1198 2617 1252 2676 sub
1264 2635 1324 2678 cor·

231 2713 342 2790 porali:
364 2713 442 2788 quod
461 2715 488 2773 si
509 2715 540 2774 in
560 2714 701 2792 corporali
719 2715 772 2773 sub
791 2715 878 2774 calice
891 2715 963 2774 forte
981 2717 1029 2784 ait,
1053 2715 1197 2776 oernenda
1209 2725 1253 2776 est
1264 2717 1324 2796 ple·

233 2831 353 2887 rumque
366 2823 540 2884 consecrata,
554 2832 644 2890 quum
657 2815 845 2874 intentionem
858 2813 959 2874 habeat
971 2815 1157 2877 consecrandi
1170 2815 1279 2876 hostias
1292 2818 1323 2878 in

235 2913 376 2988 corporali
401 2912 561 2990 appositas:
592 2930 675 2974 aecus
696 2915 722 2973 ai
747 2914 921 2990 ignoraverit
939 2914 1063 2988 aliquam
1088 2923 1191 2992 preter
1208 2915 1323 2974 unicam

235 3008 344 3068 adesse.
386 3011 546 3071 Praesentes
572 3021 640 3072 sunt
664 3013 820 3090 baptizanti
846 3030 919 3085 quos
945 3031 1019 3086 aqua
1043 3015 1205 3090 pertingere
1230 3013 1322 3072 valet:

233 3127 360 3186 praesens
380 3119 425 3170 eat
446 3110 619 3170 confessario
639 3113 781 3190 poenitena
795 3130 812 3168 a
824 3109 958 3169 tribunali
979 3109 1115 3169 recedens
1135 3119 1201 3173 aute
1214 3111 1325 3170 absolu·

235 3209 352 3278 tionem,
379 3228 465 3284 quem
485 3221 579 3270 tamen
598 3211 685 3288 longe
710 3211 835 3289 positum
855 3210 955 3284 nequit
980 3209 1145 3269 absolvere:
1172 3211 1223 3270 vix
1248 3211 1324 3270 enirn

236 3308 377 3366 sententia
389 3309 419 3367 in
437 3307 498 3368 soro
518 3311 698 3369 conscientiae
718 3312 748 3370 in
769 3309 920 3370 distantem
940 3319 984 3369 est
1002 3307 1182 3388 proferenda.
1224 3309 1324 3370 Matri·

236 3406 365 3465 monium
390 3409 465 3466 inter
491 3406 627 3466 distantes
652 3428 704 3487 per
729 3421 926 3487 procuratores
952 3410 1080 3469 contrahi
1105 3418 1210 3485 potest,
1235 3411 1324 3470 instar

234 3506 353 3566 aliorum
368 3515 572 3568 contractuum.
