3144 5192
254 567 313 622 tot
486 560 543 621 DE
565 559 741 620 CASUUM
761 557 1104 620 RESERVATIONE.

297 730 364 787 loa.
386 727 539 804 Inquirunt
552 726 687 806 theologi,
701 736 797 788 utrum
816 727 913 801 aliquo
926 727 955 785 in
968 745 1063 785 rernm
1076 724 1252 798 discrimine,
1266 737 1347 786 extra

256 827 356 886 mortis
369 828 540 904 periculum,
554 828 647 903 possit
660 826 800 886 absolutio
822 845 840 884 a
861 827 1013 884 reservatis
1033 826 1136 884 abillo
1156 825 1275 884 concedi
1298 829 1348 900 qui

256 944 315 986 non
335 925 420 985 habet
439 928 632 986 auctoritatem
653 926 683 984 in
709 937 859 986 reservata.
902 925 1081 1003 Negantibus
1101 925 1198 984 favent
1222 926 1348 1010 maxime

258 1026 345 1084 verba
358 1026 593 1095 Tridentinorum
608 1033 737 1103 patrum:
761 1033 871 1084 “extra
893 1043 980 1099 quem
1001 1024 1152 1083 articulum
1171 1022 1345 1092 sacerdotes,

256 1143 323 1184 cum
337 1125 409 1185 nihil
423 1125 533 1202 possint
552 1126 582 1183 in
601 1124 713 1183 casibus
736 1125 897 1192 reservatis,
919 1123 949 1182 id
967 1141 1055 1182 unum
1068 1123 1269 1200 paenitentibus
1283 1141 1348 1200 per·

257 1224 377 1284 suadere
390 1225 523 1291 nitantur,
538 1233 569 1282 ut
582 1222 617 1281 ad
631 1223 810 1300 Superiores,
821 1232 849 1280 et
860 1224 1005 1300 legitimos
1015 1221 1128 1300 judices
1140 1241 1192 1299 pro
1206 1222 1349 1282 beneficio

257 1323 446 1382 absolutionis
460 1314 641 1380 accedant.”¹
680 1324 815 1382 Attamen
829 1323 944 1398 plurimi
958 1330 1077 1382 censent
1090 1322 1176 1380 verba
1189 1321 1251 1380 haec
1263 1321 1346 1380 intel-

257 1421 371 1498 ligenda
384 1421 420 1479 de
432 1421 575 1480 ordinaria
594 1431 622 1480 et
642 1421 747 1481 directa
760 1421 926 1481 absolvendi
939 1431 1096 1497 potestate3
1118 1419 1170 1478 sed
1192 1422 1223 1480 in
1242 1422 1349 1497 gravis·

258 1521 332 1578 sima
344 1521 524 1588 necessitate,
536 1523 561 1580 si
575 1531 689 1598 urgeat:
711 1542 746 1580 v:
763 1541 798 1598 g:
820 1522 975 1579 necessitas
989 1519 1160 1594 celebrandi,
1175 1529 1204 1577 et
1216 1519 1349 1579 sacerdos

257 1638 315 1678 non
329 1619 412 1689 adsit,
437 1622 487 1694 qui
501 1620 703 1679 celebratumm
726 1630 881 1698 apeccato
905 1629 1047 1678 reservato
1070 1619 1230 1678 facultatem
1251 1619 1352 1678 habeat

258 1718 433 1787 absolvendi,
448 1729 548 1796 putant
560 1720 646 1778 licere
659 1722 869 1780 absolutionem
883 1719 1022 1796 impertiri
1035 1719 1145 1778 directe
1159 1737 1174 1775 a
1187 1737 1246 1776 non
1258 1737 1351 1776 reser-

258 1819 340 1886 vatis,
354 1817 498 1878 indirecte
511 1838 528 1876 a
540 1820 700 1888 reservatis,
714 1838 801 1879 onere
812 1829 905 1878 nmen
919 1819 1018 1876 relicto
1028 1818 1152 1877 adeundi
1163 1819 1349 1894 superiorem.

259 1917 410 1985 “Quando
433 1917 539 1996 igitur'’
566 1919 658 1991 inquit
684 1920 716 1977 S.
738 1918 917 1996 Alphonsus,
944 1917 1025 1979 adest
1048 1917 1294 1994 impedimentum,
1323 1928 1351 1974 et

257 2029 341 2094 urget
362 2020 456 2096 gravis
479 2036 565 2076 causa
586 2017 750 2086 confitendi,
772 2018 864 2091 quivis
887 2018 1079 2076 confessarius
1100 2025 1196 2094 potest
1214 2015 1351 2074 indirecte

258 2116 406 2174 absolvere
430 2136 446 2173 a
468 2118 578 2174 casibus
599 2119 751 2176 reservatis
772 2119 807 2176 ab
830 2118 978 2192 episcopo,
1001 2126 1030 2174 et
1042 2117 1127 2175 etiam
1142 2116 1353 2174 areservatisa

258 2213 351 2292 Papa,
372 2217 398 2274 si
419 2217 572 2291 episcopus
596 2234 654 2274 non
674 2217 768 2295 possit
791 2215 933 2275 adiri...
955 2217 997 2274 Et
1009 2215 1064 2274 hoc
1078 2216 1190 2275 etiamsi
1203 2224 1351 2291 peccatum

258 2313 296 2371 sit
309 2325 481 2372 reservatum
495 2333 561 2373 cum
575 2315 872 2376 excommunicatione
888 2357 895 2374 .
912 2357 920 2374 .
937 2357 944 2373 .
960 2314 1107 2384 Diximus,
1119 2315 1144 2372 si
1158 2312 1230 2372 adsit
1242 2314 1350 2392 gracia

260 2431 363 2482 causa,
387 2433 492 2491 nempe
512 2415 538 2473 si
550 2425 673 2489 nequeat
695 2415 766 2498 adiri
779 2416 910 2492 superior
929 2415 991 2472 sine
1012 2414 1157 2482 scandalo,
1172 2422 1219 2471 aut
1231 2423 1298 2472 nota
1311 2415 1352 2473 in·

259 2512 364 2582 famiae,
379 2515 425 2573 vel
438 2515 501 2572 sinc
515 2532 618 2592 magna
638 2514 818 2582 difficultate3
841 2523 909 2591 puta
930 2514 955 2571 si
975 2514 1082 2572 habens
1097 2512 1256 2573 facultatem
1270 2513 1355 2592 longe
1427 2577 1430 2584 ,

260 2611 356 2681 distet,
380 2613 424 2693 (ut
444 2613 543 2671 dicunt
564 2613 728 2690 Laymann,
751 2613 837 2672 Elbel
858 2622 886 2670 et
905 2609 1065 2692 Benacina)
1087 2621 1174 2673 etex
1196 2611 1252 2671 alia
1276 2622 1354 2688 parte

261 2720 359 2788 urgeat
380 2712 537 2770 necessitas
557 2711 800 2780 communicandi,
821 2711 866 2770 vel
887 2712 1026 2790 implendi
1049 2720 1224 2790 praeceptum
1252 2730 1352 2773 annue

260 2809 459 2878 confessionis,
474 2817 522 2867 aut
535 2827 571 2867 ne
585 2808 634 2867 diu
648 2812 790 2887 poenitens
804 2819 918 2868 maneat
930 2812 960 2870 in
974 2821 1091 2889 peccato
1105 2805 1266 2870 mortali.'’²

303 2911 371 2966 163.
393 2909 426 2966 Si
440 2909 504 2981 quis
518 2909 669 2968 confessus
689 2911 775 2969 fuerit
793 2909 911 2969 babenti
923 2910 1084 2970 facultatem
1107 2925 1126 2968 s
1144 2910 1294 2969 reservatis
1308 2910 1355 2967 ab·

261 3007 402 3077 solvendi,
417 3007 468 3066 sed
481 3006 625 3067 oblivione
648 3028 683 3069 ea
703 3009 833 3068 confiteri
853 3011 991 3079 omiserit,
1012 3010 1155 3068 dubitatur
1168 3017 1263 3069 utrum
1276 3009 1356 3067 abso-

260 3106 336 3166 lutus
350 3108 498 3167 habendus
518 3109 566 3168 sit.
609 3109 711 3168 Plures
733 3119 839 3186 negant
859 3110 926 3182 quia
945 3118 1093 3186 peccatum
1114 3128 1172 3167 non
1186 3119 1231 3168 est
1245 3107 1355 3186 judicio

261 3208 432 3285 subjectum,
457 3208 506 3281 qui
526 3217 570 3265 cst
588 3209 749 3285 praecipuus
768 3209 969 3267 reservationis
992 3209 1068 3267 finis.
1120 3207 1242 3266 Constat
1261 3217 1355 3266 autem

261 3306 474 3367 confessionem
488 3307 540 3364 rite
554 3307 656 3365 facum
677 3316 803 3384 tempore
826 3307 845 3365 J
847 3307 941 3366 ubilai
961 3290 1135 3370 conffissario
1150 3307 1312 3366 necessaria
1324 3307 1355 3365 in

262 3416 404 3463 reservata
428 3407 566 3465 instructo
592 3414 729 3482 potestate
756 3405 848 3464 valere
868 3405 904 3464 ad
933 3407 1087 3470 tollendam
1119 3407 1352 3472 reservationem,

261 3504 373 3562 etiamsi
386 3515 502 3581 peccata
516 3505 620 3563 fuerint
632 3524 690 3581 prae
704 3504 846 3564 oblivione
860 3506 984 3564 omissa:
1006 3525 1071 3564 nam
1085 3504 1222 3564 Pontifex
1233 3507 1272 3565 ita
1281 3505 1355 3564 solet

262 3601 409 3678 indulgere
423 3605 457 3680 iis
472 3604 521 3674 qui
534 3602 662 3661 lucrandi
671 3603 781 3680 jubilaei
795 3623 880 3662 cause
893 3605 941 3681 pia
954 3606 1090 3664 exercitia
1102 3605 1290 3682 persolvunt:
1305 3603 1356 3663 sed

262 3717 320 3756 nou
335 3699 440 3758 tollitur
452 3701 606 3759 reservatio
618 3702 802 3760 confessione
816 3701 950 3772 invalida,
972 3705 1038 3777 quia
1059 3704 1176 3764 facultas
1190 3702 1353 3764 conceditur

262 3806 371 3856 tantum
384 3798 419 3857 ad
432 3797 566 3857 effectum
577 3800 687 3877 jubilei
708 3800 845 3860 lucrandi.
888 3803 921 3861 Si
941 3803 990 3860 fiat
1011 3805 1155 3864 confessio
1169 3805 1244 3863 bona
1255 3801 1313 3862 fide
1325 3803 1352 3860 ei

262 3898 312 3972 qui
325 3907 401 3956 caret
412 3908 550 3976 potestate
573 3899 603 3958 in
624 3910 777 3968 reservata,
799 3901 873 3959 valet
893 3901 1008 3975 quidem
1027 3904 1178 3973 absolutio,
1193 3903 1246 3962 sed
1259 3911 1355 3961 manet

263 3997 400 4076 obligatio
414 4017 444 4056 se
458 3999 576 4058 sistendi
585 3999 697 4078 judicio
710 4001 878 4076 superioris.

298 4102 366 4157 164.
391 4099 423 4157 Si
437 4100 501 4172 quis
515 4101 664 4159 confessus
675 4101 760 4160 suerit
770 4102 912 4179 superiori
925 4111 1073 4182 peecatum
1084 4111 1269 4169 reservatum,
1280 4100 1351 4158 stab

263 4217 299 4256 eo
310 4198 393 4257 fuerit
406 4200 562 4267 absolutus,
576 4200 627 4260 sed
640 4200 745 4260 doloris
757 4200 867 4260 defectu
880 4201 1001 4261 caruerit
1008 4201 1071 4279 ejus
1081 4201 1231 4268 beneficio,
1246 4198 1355 4258 videtur

261 4297 408 4369 aliquibus
422 4319 480 4360 non
494 4319 580 4378 posse
595 4301 629 4360 ab
642 4301 698 4360 alio
711 4300 845 4380 deinceps
859 4300 978 4370 absolvi,
999 4319 1088 4376 quum
1101 4300 1257 4380 superioris
1272 4315 1353 4358 mens

337 4501 380 4566 (1)
400 4503 465 4552 sea.
476 4505 525 4555 xiv.
536 4507 641 4571 aava
653 4507 780 4574 apansa
927 4509 970 4577 (a)
989 4507 1016 4560 s.
1028 4507 1211 4574 ruputas.
1223 4507 1281 4560 sco
