3144 5192
505 551 707 612 OANONES
729 553 1036 612 POENITENTIAE.
1255 557 1315 616 255

265 720 324 787 Qui
350 737 504 796 pauperem
530 721 717 798 oppresserit,
743 721 863 798 ejusque
888 719 963 779 buna
988 721 1145 789 abstulerit,
1172 719 1271 780 reddet
1289 724 1317 781 ei

226 837 321 887 suurn,
336 827 365 877 et
377 820 517 896 preniteus
530 821 584 878 erit
594 820 657 878 dies
671 819 786 897 triginta
799 819 828 878 in
842 803 921 895 pane
930 827 959 878 et
971 839 1054 894 aqua.

267 917 399 977 Clericus
413 918 517 978 furtum
531 919 652 997 capitale
665 919 783 986 faciens,
807 919 948 994 septennii
962 919 1154 994 paenitentiam
1168 918 1313 996 expiabit;

226 1017 315 1075 laicus
329 1018 529 1092 quinquennii,
544 1028 573 1077 et
586 1018 662 1093 quod
677 1018 783 1077 furatus
797 1027 851 1086 est,
865 1028 985 1092 uterque
998 1017 1106 1075 reddat.

265 1116 322 1183 Qui
344 1116 460 1196 fregerit
477 1126 564 1177 noctu
586 1118 707 1195 alicujus
720 1117 849 1186 domum,
870 1126 901 1175 ut
926 1116 1033 1190 atiquid
1047 1116 1177 1184 auferret,
1191 1117 1315 1194 pretium
1365 1115 1369 1124 '

223 1214 330 1284 reddet,
345 1228 374 1276 et
386 1218 583 1294 penitentiam
598 1229 663 1294 aget
682 1236 789 1275 annum
808 1217 838 1276 in
859 1235 933 1294 paue
946 1225 976 1275 et
988 1235 1078 1290 aqua3
1100 1216 1125 1274 si
1139 1233 1197 1273 uon
1210 1215 1312 1284 reddit,

223 1333 313 1373 annos
326 1315 409 1374 duos.

263 1413 383 1487 Siquis
404 1415 510 1474 furtum
532 1415 569 1473 da
591 1433 622 1473 re
644 1413 747 1472 minori
768 1413 869 1482 semel,
890 1423 938 1472 aut
956 1413 1002 1471 bis
1015 1413 1121 1482 facerit,
1136 1413 1313 1480 restitutare,

225 1512 418 1588 paenitentiam
432 1524 497 1591 aget
509 1532 614 1572 annum
628 1532 729 1571 unum.

264 1610 323 1677 Qui
335 1629 396 1670 rem
410 1613 553 1671 inventam
563 1631 621 1671 non
636 1611 737 1680 reddit,
748 1611 853 1670 furtum
864 1613 1031 1670 committit:
1047 1610 1153 1670 idcirco
1167 1619 1312 1684 tamquam

225 1706 260 1766 de
273 1709 348 1768 furto
362 1711 557 1788 paenitentiam
572 1724 645 1789 aget.

263 1808 295 1866 Si
322 1811 387 1881 quis
406 1830 507 1870 usuras
535 1811 648 1887 accipit,
669 1810 798 1886 rapinam
818 1809 895 1878 feeit,
917 1808 1039 1882 ideoque
1060 1810 1235 1882 quicumque
1250 1809 1312 1868 illas

222 1909 359 1985 exegerit,
373 1911 566 1986 paenitentiam
580 1918 645 1986 aget
657 1909 738 1966 annis
752 1909 850 1976 tribus,
865 1927 921 1968 uno
935 1910 964 1967 in
979 1927 1051 1985 pane
1067 1918 1095 1967 et
1109 1927 1192 1982 aqua.

225 2120 359 2183 Oenones
373 2129 539 2203 spectantes
547 2129 672 2203 peccata
686 2129 791 2183 contra
807 2129 947 2182 octauum
960 2120 1110 2200 Deculogi
1117 2127 1310 2202 praeceptum.

261 2292 319 2359 Qui
333 2293 515 2353 affirmaverit
527 2313 626 2352 verum
640 2313 704 2353 esse
719 2293 795 2368 quod
809 2293 912 2352 falsum
927 2304 979 2362 est,
994 2295 1189 2372 paenitentiam
1203 2304 1268 2372 aget
1281 2303 1312 2355 ut

224 2390 349 2460 adulter;
364 2400 395 2450 ut
407 2393 559 2460 homicida,
574 2394 623 2472 qui
636 2403 738 2472 sponte
752 2393 781 2452 id
794 2394 906 2452 facinus
920 2393 1073 2454 admiserit,

262 2489 320 2556 Qui
333 2489 405 2548 saiso
419 2481 781 2558 testimonio‘cousenserit,
795 2493 938 2569 poenitens
952 2492 1005 2550 erit
1018 2510 1108 2550 annos
1122 2493 1259 2566 quinque.

262 2588 319 2655 Qui
332 2589 464 2665 proximo
484 2589 586 2649 falsum
601 2593 710 2650 crimen
733 2591 847 2668 objecit,
868 2591 1035 2668 paenitentia
1048 2590 1167 2649 afficitur
1179 2600 1211 2651 ut
1222 2589 1311 2650 falsus

223 2689 311 2747 testis.
543 2753 557 2770 X

259 2787 317 2854 Qui
330 2787 464 2863 proximo
478 2797 628 2866 peccatum
650 2788 803 2868 imputarit‚
824 2789 991 2866 priusquam
1011 2808 1077 2849 eum
1100 2790 1232 2868 arguerit,
1255 2789 1312 2867 pri·

221 2904 299 2945 mum
313 2886 356 2944 illi
370 2887 546 2946 satisfaciens
560 2889 754 2964 paenitentiam
764 2897 828 2966 aget
841 2900 896 2946 tres
910 2888 989 2947 dies:

261 2983 294 3041 Si
314 2985 379 3056 quis
401 2987 675 3064 contra-proximum
688 2987 786 3065 lingua
804 2988 916 3046 laxivus
930 2989 992 3056 erit,
1006 2986 1134 3046 triduana
1146 2987 1311 3064 paenitentia

223 3081 395 3158 expiabitur.

260 3181 294 3238 δί
321 3182 385 3254 quis
407 3185 633 3252 murmuraverit,
650 3183 761 3263 judicio
781 3182 936 3243 sacerdotis
957 3183 1151 3261 paenitentiam
1172 3189 1236 3258 aget
1258 3200 1311 3259 pro

221 3280 313 3358 cuipas
326 3283 473 3358 gravitate.
575 3325 576 3328 η

260 3380 370 3454 Siquis
383 3381 546 3440 convicium
561 3381 743 3442 manifestum
757 3383 835 3442 fratri
849 3382 988 3450 intulerit,
1003 3383 1135 3441 diuturna
1149 3381 1310 3457 expiabitur

219 3480 386 3556 paenitentia
398 3499 450 3558 pru
465 3479 552 3540 modo
565 3482 684 3557 peccati.

259 3580 291 3639 Si
306 3581 370 3656 quis
384 3581 467 3640 facile
481 3579 644 3650 detraxerit,
668 3581 829 3655 falsumque
852 3581 882 3639 in
900 3579 957 3640 hoe
973 3578 1085 3648 dixerit,
1100 3579 1243 3658 poenitens
1257 3577 1310 3636 erit

218 3677 279 3738 dies
292 3690 402 3758 septem
416 3682 446 3740 in
459 3699 533 3758 pane
552 3689 671 3754 etaqua.

257 3779 316 3846 Qui
340 3780 493 3840 salsitatem
514 3779 680 3838 fraudemve
700 3779 731 3838 in
753 3777 926 3856 ponderibus
946 3787 975 3837 et
991 3779 1131 3838 mensuris
1152 3777 1308 3842 admiserit,

219 3878 362 3952 paenitens
374 3880 429 3937 erit
441 3881 471 3938 in
485 3897 559 3956 pane
573 3887 602 3937 et
614 3897 690 3952 aqua
703 3877 764 3936 dies
777 3879 890 3956 viginti.

261 3973 415 4046 Falsarius,
430 3979 461 4036 in
473 3996 548 4055 pane
561 3986 590 4036 et
602 3996 675 4051 aqua
688 3977 882 4056 paenitentiam
894 3985 967 4054 agat,
982 3977 1117 4050 quamdiu
1131 3975 1210 4034 vivit.

220 4186 357 4248 Oenones
377 4194 543 4267 spectantes
559 4197 683 4268 peccatu
702 4195 807 4250 contra
824 4205 941 4250 nonum
954 4185 1103 4265 Dccatogt'
1116 4189 1309 4274 praeceptum,

257 4357 333 4418 Rem
346 4358 468 4420 alienam
480 4358 588 4419 uesarie
600 4361 818 4440 coucupiscens,
830 4375 998 4433 avarusque,
1009 4356 1151 4435 paenitens
1162 4356 1215 4415 erit
1227 4357 1308 4416 anuis

219 4456 318 4516 tribus.
