3172 5172
249 599 304 655 162
595 592 652 654 DE
674 591 984 653 OONFESSIONE.

247 763 322 820 sicut
336 768 381 818 ert
399 769 506 827 mutus,
520 759 566 818 vel
583 761 633 833 qui
646 769 690 819 est
702 760 816 818 alterius
829 761 943 836 linguae,
958 757 1063 816 sufficit
1082 756 1160 832 quod
1180 777 1231 836 per
1244 761 1333 839 scrip·

246 868 316 928 tum,
331 869 379 918 aut
388 877 440 936 per
452 867 562 927 nutum,
578 869 626 917 aut
639 877 691 936 per
703 860 885 935 interpretem
900 859 1078 924 confiteatur,
1093 858 1160 931 quia
1172 876 1229 917 uon
1245 861 1334 938 exigi·

245 968 291 1018 tur
304 958 338 1018 ab
348 959 466 1017 homine
474 957 626 1034 plusquam
640 959 748 1035 possit.
759 999 786 1016 ..
801 957 923 1025 Quando
937 975 993 1016 non
1002 975 1155 1033 possumus
1164 976 1222 1017 uno
1237 959 1333 1029 modo,

246 1056 394 1126 debemus,
409 1057 566 1116 secundum
581 1056 657 1132 quod
671 1076 836 1134 possumus,
850 1048 1025 1115 coutiteri.'’1
1065 1057 1200 1114 Attamen
1217 1057 1252 1115 de
1265 1059 1334 1116 obli·

246 1158 359 1234 gatione
386 1175 444 1214 non
469 1165 589 1225 constat,
616 1174 678 1229 quae
700 1175 788 1230 quum
815 1156 1050 1232 gravissimam,
1073 1164 1101 1215 et
1121 1175 1187 1214 cum
1207 1157 1333 1232 periculo

245 1256 430 1314 revelationis
444 1256 604 1332 conjuncta,
621 1273 681 1312 nou
703 1266 747 1314 est
760 1255 868 1328 absque
888 1264 964 1313 certa
984 1257 1148 1314 auctoritate
1169 1255 1330 1315 statuenda:

247 1364 429 1438 quapropter,
443 1372 479 1418 ne
499 1352 614 1426 quidem
628 1355 658 1413 in
672 1356 770 1414 mortis
785 1355 961 1423 discrimine,
972 1355 1035 1428 quis
1050 1373 1084 1414 eo
1098 1355 1139 1412 uti
1152 1362 1271 1423 tenetur,
1282 1356 1333 1414 sed

245 1453 361 1520 sufficit,
376 1461 406 1510 ut
419 1445 579 1531 qua'porsit
590 1454 698 1512 ratione
712 1473 744 1512 sc
764 1473 829 1512 esse
853 1462 1041 1530 peccatorem,
1056 1463 1085 1512 et
1104 1454 1216 1512 veniam
1237 1465 1332 1530 petere

245 1545 414 1630 significet.²
445 1552 528 1611 Licet
540 1551 655 1626 quidem
670 1553 829 1630 interpretis
839 1554 880 1611 uti
892 1571 990 1630 opera,
1001 1571 1087 1626 quam
1101 1553 1184 1612 etiam
1200 1553 1332 1613 adhibere

246 1650 499 1729 poteritsacerdos,
509 1660 540 1709 ut
549 1651 676 1710 dolorem
690 1652 725 1711 de
739 1653 863 1729 peccatis
877 1652 1040 1729 generatim,
1056 1653 1161 1726 etvitoe
1175 1672 1257 1711 novoe
1271 1635 1333 1730 pro·

245 1753 371 1828 positum
381 1751 515 1820 insinuet,
525 1752 755 1810 etcommendet:
771 1751 821 1810 sed
829 1751 1007 1828 exigendum
1017 1770 1075 1810 non
1085 1761 1137 1820 est,
1148 1763 1180 1810 ut
1193 1754 1334 1830 poenitens

247 1851 358 1928 singula
373 1868 425 1926 per
435 1851 616 1928 interpretem
624 1852 806 1909 confiteatur:
832 1852 962 1925 quamvis
976 1850 1184 1927 prohibendum
1202 1871 1259 1909 non
1272 1845 1335 1922 sit,³

248 1949 300 2010 sed
313 1950 406 2027 potius
421 1944 705 2008 commendandum.⁴
737 1950 795 2009 Ubi
807 1950 950 2008 consessio
962 1950 1005 2008 sic
1019 1951 1169 2027 peragitur,
1179 1950 1332 2009 curaudurn

247 2061 278 2108 ut
299 2050 389 2126 sIgnis
410 2051 504 2126 potius
528 2068 613 2122 quam
639 2048 755 2106 vocibus
777 2068 916 2125 responsa
935 2048 1045 2126 dentur,
1066 2069 1198 2108 manuum
1212 2068 1266 2106 ex:
1282 2068 1330 2126 gr:

246 2148 477 2223 compressione3
500 2158 528 2206 et
541 2157 571 2206 ut
584 2149 756 2224 questiones
769 2149 839 2206 fiant
848 2148 1006 2226 generales,
1020 2148 1097 2206 nulla
1108 2148 1203 2206 habita
1215 2167 1333 2225 respon-

246 2264 343 2306 sorum
364 2246 481 2305 ratione.
524 2247 717 2310 Solicitiorem
731 2258 824 2308 autem
844 2267 901 2308 uon
915 2256 1026 2326 oportet
1042 2265 1105 2306 esse
1128 2247 1331 2306 confessarium

246 2345 280 2406 de
298 2354 427 2404 accurata
446 2355 474 2404 et
486 2347 572 2423 plena
584 2347 765 2408 conscientiae
779 2347 941 2424 poenitentis
955 2347 1064 2415 notitia,
1079 2365 1141 2420 quae
1156 2358 1222 2406 tunc
1236 2348 1334 2406 haberi

245 2445 353 2522 nequit.
395 2445 487 2506 Posse
501 2447 619 2516 absolvi,
634 2449 740 2520 absque
754 2465 809 2524 ope
823 2447 994 2523 interpretis,
1008 2464 1074 2504 eum
1089 2449 1138 2519 qui
1155 2448 1245 2525 signis
1266 2447 1333 2505 duu-

249 2555 326 2606 taxat
346 2544 382 2603 ob
401 2543 543 2606 delectum
565 2544 706 2605 idiomatis
726 2548 797 2623 petit
810 2546 1025 2614 absolutionem,
1044 2545 1170 2608 decrevit
1190 2547 1221 2604 S.
1237 2546 1331 2624 Oong.

249 2645 399 2720 Supremae
413 2644 613 2718 Inquisitionis
627 2649 665 2702 28
679 2645 826 2704 Februarii
840 2650 927 2704 1633.

286 2747 334 2800 67.
358 2742 506 2801 Pcenitens
521 2742 603 2800 debet
620 2743 748 2802 confiteri
768 2744 906 2808 sacerdoti
920 2746 1064 2821 presenti,
1079 2746 1117 2806 uti
1131 2762 1168 2803 ex
1181 2754 1331 2803 consuetu·

247 2841 313 2899 diue
338 2839 478 2898 Ecclesiae
501 2849 619 2908 constat,
642 2861 704 2915 quae
725 2843 840 2916 quidem
860 2845 1087 2917 aequissimaest,
1108 2854 1139 2903 ut
1151 2853 1334 2921 peccatorum

247 2957 359 3016 poenam
383 2940 511 3014 patiatur,
536 2950 564 2998 et
580 2941 723 3019 judicium
747 2943 797 3001 fiat
818 2944 995 3011 accuratius;
1022 2943 1110 3002 animi
1136 2944 1213 3002 enim
1238 2943 1332 3022 dispo·

246 3039 364 3097 sitiones
391 3039 429 3097 ita
455 3039 566 3104 facilius
592 3042 783 3119 explorantur.
839 3042 973 3102 Christus
1003 3052 1166 3119 peccatores
1190 3053 1254 3102 ante
1279 3044 1333 3102 hoc

245 3139 365 3199 tribunal
379 3149 522 3213 tamquam
535 3159 600 3201 reos
614 3143 676 3202 sisti
699 3143 796 3206 voluit.
819 3142 1038 3203 Damnationem
1053 3161 1069 3198 a
1083 3141 1233 3201 Clemente
1248 3143 1330 3202 VIII.

245 3240 450 3316 propositionis
467 3259 553 3316 supra
565 3241 659 3298 relatae
682 3243 823 3318 respicere
843 3240 1054 3304 contessionem
1076 3251 1105 3298 et
1127 3242 1331 3302 absolutionem

244 3339 395 3433 conjuncte
415 3339 460 3396 vel
483 3339 597 3397 divisim
612 3339 762 3402 declaravit
775 3341 962 3418 praelaudatus
976 3340 1116 3418 pontifex,
1131 3350 1160 3399 et
1173 3342 1279 3400 Paulus
1292 3342 1330 3398 V.

243 3436 277 3496 Iu
292 3438 390 3496 mortis
411 3436 574 3498 discrimine
595 3440 757 3509 absolvitur,
776 3442 836 3513 qui,
858 3441 973 3499 absente
995 3439 1172 3517 presbytero,
1187 3440 1265 3500 dedit
1284 3441 1333 3499 do·

244 3536 327 3594 lentis
342 3537 430 3595 anitni
443 3536 479 3594 de
492 3538 616 3614 peccatis
630 3538 752 3597 iudicia:
774 3539 824 3597 sed
839 3540 980 3598 consessio
993 3539 1054 3597 haec
1068 3558 1126 3597 non
1140 3548 1183 3598 est
1195 3539 1330 3598 dicenda:

244 3648 376 3692 censetur
386 3643 479 3693 tamen
493 3636 688 3704 moribundus,
702 3646 840 3710 quatenus
854 3647 958 3719 potest,
973 3657 1023 3696 sua
1037 3650 1153 3720 peccata
1166 3648 1194 3698 et
1206 3638 1332 3697 dolorem

244 3731 431 3794 manifestare.

280 3955 323 4019 (I)
343 3953 402 4018 Sup.
414 3952 447 4002 iii.
459 3968 482 4017 p.
495 3969 535 4018 qu.
547 3953 580 4003 ix.
592 3962 635 4003 art.
646 3956 679 4005 iii.
689 3956 718 4006 ad
729 3961 753 4006 2.

280 4039 322 4104 (2)
342 4037 368 4086 S.
382 4037 454 4102 Alph.
463 4038 479 4087 l.
491 4038 522 4088 vi.
533 4054 559 4088 rr.
570 4040 628 4088 479.
646 4040 709 4090 Vide
721 4048 745 4090 et
756 4041 864 4091 Antoine
876 4050 942 4092 tract.
952 4045 982 4094 dc
994 4043 1082 4093 Poeuit.
1095 4051 1139 4094 art.
1151 4043 1176 4094 ii.
1188 4059 1228 4106 qu.
1240 4043 1298 4092 xvii.

283 4124 327 4189 (3)
344 4123 408 4173 Vide
419 4123 480 4173 decr.
494 4124 574 4186 Coug.
585 4124 615 4173 dc
627 4126 698 4190 Prop.
717 4126 777 4176 Fide
796 4128 897 4178 relatum
916 4145 930 4181 s
948 4129 1062 4198 Philippo
1079 4129 1108 4178 de
1128 4121 1290 4178 Carboneeuo
1306 4126 1332 4176 in

243 4207 375 4270 appendice
385 4216 453 4260 tract.
464 4209 494 4259 de
506 4209 593 4259 Poenit.
606 4214 629 4269 ς.
640 4211 674 4260 iil.
686 4228 726 4274 qu.
738 4213 763 4261 ii.

282 4293 324 4359 (4)
343 4293 443 4353 Ibidem,
454 4295 516 4344 decr.
531 4296 560 4343 10
572 4295 629 4352 Feb.
643 4298 714 4344 1668.
