3144 5192
441 545 499 606 DE
519 542 848 626 JURISDICTIONE
870 542 1159 605 GONFESSARII.
1290 550 1345 607 197

257 712 368 782 mortis,
382 722 467 786 atque
480 712 544 772 ideo
558 731 658 772 omncs
671 712 833 772 sacerdotes
853 711 996 785 quoslibet
1015 712 1186 789 poenitentes
1200 730 1216 768 a
1228 711 1344 785 quibus·

256 812 300 900 vis
320 813 442 889 peccatis
467 821 496 870 et
514 813 641 872 censuris
668 812 815 871 absolvere
837 807 995 888 possint.”¹
1037 810 1182 870 eaerum.
1206 809 1340 870 sacerdos

258 910 335 971 haud
348 913 529 989 approbatus,
544 911 589 970 rel
602 909 723 970 censura
735 911 829 984 aliqua
842 911 975 980 irretitus,
989 929 1048 970 non
1061 909 1144 969 debet
1155 929 1187 968 se
1207 911 1346 988 ingerere,

256 1011 282 1068 si
295 1012 378 1088 copia
391 1013 429 1070 sit
441 1011 609 1070 confessarii
622 1012 771 1088 approbati
780 1002 806 1067 :²
824 1029 890 1069 nam
909 1012 994 1088 juxta
1015 1010 1166 1086 plerosque
1186 1009 1346 1088 jurisdictio

256 1127 315 1168 non
327 1109 408 1170 datur
421 1110 478 1170 nisi
491 1112 527 1169 ob
538 1111 749 1177 necessitatem,
770 1129 834 1183 quae
858 1109 934 1168 nulla
950 1118 1009 1177 est,
1024 1118 1163 1185 prresente
1178 1110 1346 1186 presbytero

258 1211 425 1286 approbato.
456 1209 625 1287 Disputatur
637 1219 730 1268 utrum
745 1208 870 1268 heretici
883 1217 911 1266 et
924 1208 1110 1275 schismatici,
1125 1208 1175 1280 qui
1188 1207 1346 1267 sacerdotio

256 1307 361 1366 fuerint
373 1309 512 1386 insigniti,
523 1307 721 1386 jurisdictione
736 1309 766 1366 in
781 1309 878 1365 mortis
892 1309 1009 1367 articulo
1024 1308 1184 1384 potiantur;
1207 1306 1257 1365 sed
1271 1307 1347 1384 apud

257 1425 310 1466 nos
325 1409 446 1480 questio
466 1406 529 1466 herc
542 1406 648 1466 nullius
671 1416 716 1464 est
734 1407 872 1466 momenti
895 1425 982 1479 quum
1004 1426 1085 1465 sacro
1105 1405 1205 1465 ordine
1224 1415 1345 1465 careant.

258 1505 305 1564 Dc
319 1506 462 1565 sacerdote
476 1524 628 1583 suspenso,
642 1507 688 1564 vel
702 1506 960 1574 excommunicato,
982 1506 1127 1579 quiedam
1148 1505 1184 1564 ad
1197 1505 1346 1564 boereticos

258 1603 403 1674 defecerit,
419 1606 507 1678 queri
519 1615 623 1682 potest.
664 1606 820 1665 Affirmans
840 1606 922 1664 nobis
944 1605 1081 1663 sententia
1104 1605 1245 1681 probatur,
1259 1623 1347 1678 quum

259 1703 330 1762 ratio
344 1706 478 1772 obtineat,
493 1703 571 1778 quod
584 1705 667 1764 saluti
680 1704 878 1764 decedentium
892 1704 1099 1763 consulendum
1119 1706 1166 1773 sit,
1189 1703 1346 1765 dummodo

262 1812 356 1862 tamen
370 1805 420 1862 fiat
439 1805 546 1877 absque
560 1804 701 1863 Ecclesiae
712 1805 827 1882 injuris,
848 1823 910 1877 quae
931 1805 1117 1882 contingeret,
1131 1805 1157 1862 si
1170 1806 1347 1862 consortium

257 1920 324 1960 cum
337 1903 477 1962 hereticis
487 1904 517 1962 in
530 1903 613 1961 rebus
625 1905 715 1962 sacris
728 1904 879 1963 foveretur.
900 1903 1044 1962 Articulus
1058 1913 1152 1962 autem
1166 1904 1266 1961 mortis
1279 1921 1346 1961 cen·

257 2011 335 2060 setur
348 2021 431 2079 grave
446 2004 545 2061 mortis
559 1998 744 2079 periculum.³
784 2003 887 2061 “Tale
908 2011 1000 2062 autem
1027 2003 1185 2080 periculum
1212 2012 1345 2062 censetur

259 2099 357 2158 adesse
370 2103 400 2159 in
414 2100 521 2178 praelio,
537 2103 566 2160 in
586 2102 673 2180 longa
686 2103 875 2180 navigatione,
899 2103 928 2161 in
949 2101 1059 2161 difficili
1082 2111 1173 2178 partu,
1196 2103 1225 2160 in
1247 2102 1346 2160 morbo

258 2197 417 2274 periculoso
437 2209 465 2258 et
483 2201 635 2259 similibus.
676 2201 758 2260 Idem
771 2200 807 2259 de
828 2221 862 2260 eo
883 2201 931 2274 qui
951 2203 1042 2259 estin
1064 2202 1190 2277 periculo
1210 2201 1347 2278 probabili

260 2297 403 2356 incidendi
416 2299 446 2357 in
460 2295 662 2358 amentiam.”⁴

302 2400 368 2455 149.
391 2397 521 2473 Simplex
534 2397 666 2457 sacerdos
680 2407 775 2476 potest
794 2398 951 2466 absolvere,
975 2399 1059 2456 etiam
1083 2407 1223 2474 praesente
1246 2415 1347 2473 appro-

259 2495 334 2564 bato,
350 2495 373 2554 Ι.
397 2495 429 2553 Si
442 2497 612 2574 approbatus
633 2499 731 2566 nollet,
754 2497 800 2554 vel
820 2516 876 2556 non
901 2507 1000 2574 posset
1014 2496 1110 2554 audire
1125 2496 1351 2556 confessionem

259 2592 298 2654 ll.
320 2595 352 2653 Si
366 2596 536 2672 approbatus
550 2598 588 2655 sit
601 2598 876 2665 excommunicatus,
898 2597 944 2654 vel
964 2615 1132 2673 suspensus,
1154 2596 1221 2669 quia
1235 2595 1347 2672 prescr-

261 2694 352 2753 endus
366 2704 409 2752 est
421 2697 471 2768 qui
484 2695 562 2755 nulla
575 2697 699 2755 irretitur
711 2715 840 2754 censura.
882 2695 938 2755 ΙΙΙ.
948 2697 993 2782 'Si
1007 2697 1179 2773 approbatus
1193 2696 1230 2754 sit
1249 2695 1347 2754 alicnoe

262 2793 405 2863 dioecesis,
421 2795 470 2867 qui
483 2796 513 2853 in
525 2794 644 2870 dioeccsi
666 2793 827 2854 moribundi
840 2813 898 2853 non
911 2795 996 2854 habet
1012 2795 1252 2874 jurisdictionem.
1294 2794 1348 2853 IV.

259 2893 292 2951 Si
306 2891 489 2951 moribundus
511 2893 592 2952 valde
614 2895 648 2952 ab
669 2895 823 2971 approbato
843 2895 1000 2964 abhorreat,
1022 2895 1084 2972 ejus
1098 2897 1176 2955 enim
1190 2894 1346 2952 infirmitati

257 2993 306 3068 pia
319 3000 408 3050 mater
421 2991 553 3052 Ecclesia
573 2994 798 3053 subveniendum
813 3002 901 3069 optat.
943 2995 982 3051 V.
1004 2994 1037 3051 Si
1050 2995 1166 3069 coeperit
1174 2995 1237 3071 jam
1250 2992 1347 3051 audire

229 3139 232 3146 .
257 3089 475 3160 confessionem,
484 3102 547 3150 ante
558 3093 704 3169 approbati
715 3093 878 3160 adventum,
886 3091 1027 3171 judicium
1037 3092 1113 3149 enim
1124 3090 1214 3149 semel
1223 3099 1347 3166 coeptum

259 3188 463 3266 perficiendum
477 3203 529 3249 est.
571 3191 625 3250 VI.
648 3192 681 3250 Si
694 3193 864 3269 approbatus
878 3191 963 3250 fuerit
975 3189 1118 3267 complex.

300 3293 367 3347 150.
389 3289 541 3366 Excipitur
553 3309 635 3349 casus
649 3292 679 3349 in
692 3311 749 3365 quo
762 3291 948 3350 moribundus
960 3309 1080 3348 censura
1089 3297 1232 3348 reservata
1243 3289 1345 3366 ligatus

259 3390 306 3457 sit,
321 3398 388 3448 tunc
402 3389 479 3448 enim
499 3390 524 3447 si
545 3409 671 3467 praescns
689 3392 727 3449 sit
746 3391 887 3467 superior,
902 3410 918 3448 a
931 3409 988 3463 quo
1001 3391 1075 3448 solvi
1089 3391 1191 3466 possit,
1205 3388 1289 3446 debet
1301 3388 1347 3445 ab·

257 3488 428 3548 solutionem
443 3507 460 3546 a
473 3507 593 3547 censura
606 3491 686 3566 prius
700 3500 808 3567 petere3
824 3508 889 3548 nam
910 3490 944 3548 ab
966 3489 1021 3548 alio
1042 3488 1149 3547 absolvi
1170 3507 1228 3547 non
1241 3495 1345 3564 potest,

257 3587 312 3646 nisi
322 3590 376 3647 sub
389 3587 554 3648 conditione
564 3608 595 3646 se
607 3589 795 3665 praescntandi
806 3590 964 3665 Superiori,
976 3589 1028 3646 sub
1041 3607 1125 3666 poena
1134 3586 1346 3647 reincidentiae:

257 3686 377 3760 ideoque
391 3688 457 3748 data
465 3689 526 3766 jam
540 3689 636 3764 copia,
651 3687 735 3747 debet
747 3707 782 3746 ea
794 3689 845 3757 uti,
857 3699 885 3746 et
898 3687 1032 3766 deinceps
1046 3689 1182 3766 perficere
1192 3687 1349 3747 confessio·

258 3803 333 3843 nem.
376 3787 604 3846 Siconfessione
627 3796 741 3864 peracta
760 3788 941 3864 superveniat
960 3788 1092 3846 sacerdos
1116 3789 1299 3866 approbatus,
1320 3793 1348 3842 et

259 3884 399 3960 poenitens
425 3888 534 3962 pcccati
556 3885 633 3960 quod
655 3887 791 3946 omiserat
810 3887 980 3955 recordetur,
1002 3887 1086 3945 debet
1108 3887 1262 3963 approbato
1277 3880 1348 3939 illud

259 3982 398 4052 confiteri,
413 3985 479 4056 quia
488 3985 631 4061 judicium
644 3985 721 4046 aliud
734 3986 895 4046 absolutum
905 3987 967 4063 jam
982 3995 1034 4053 est,
1047 3994 1075 4041 et
1088 3984 1241 4042 necessitas
1256 3998 1348 4036 recur-

258 4081 339 4140 rendi
354 4082 388 4140 ad
402 4082 490 4141 alium
504 4082 595 4142 desiit.

300 4185 367 4244 151.
390 4182 424 4240 Si
437 4200 563 4241 censurae
583 4193 732 4242 reservate
752 4184 811 4242 sint
833 4184 931 4260 Papae,
953 4181 1086 4253 quaeritur
1099 4187 1192 4236 utrum
1206 4175 1347 4253 poenitens

462 4341 505 4406 (1)
524 4337 711 4404 smxivmap.
723 4339 764 4388 vii.
969 4338 1011 4402 (t)
1031 4333 1162 4385 sitnon.

459 4425 502 4490 (3)
523 4424 555 4474 G.
567 4424 595 4474 Si
606 4425 662 4489 quis
672 4423 789 4474 suadente
799 4421 868 4473 xxix.
879 4436 945 4472 esus.
957 4419 1015 4470 xvii.
1026 4434 1068 4484 qu.
1079 4417 1110 4468 ir.

461 4511 503 4579 (4)
523 4510 550 4559 S.
562 4510 637 4576 Alph.
648 4511 664 4560 1.
675 4509 708 4559 vi.
718 4525 743 4559 n.
756 4509 814 4558 561.

777 4590 813 4648 18
825 4591 840 4624 ¹*
