3144 5192
292 607 351 666 27⁰
668 599 810 661 cnPUT
832 598 1014 660 UNlOUM.

293 768 417 846 Spiritus
437 767 560 828 Sanctus
581 767 677 846 posuit
695 767 848 844 episcopos
869 785 967 845 regere
981 765 1143 826 Ecclesiam
1154 760 1264 824 Dei.’'¹
1310 763 1389 823 Gne·

294 885 374 928 nens
387 869 627 926 anaxanontem
650 867 698 936 ait,
719 867 749 924 in
772 866 907 926 Ecclesia
928 874 1020 924 “esse
1039 865 1258 943 progressiones
1274 864 1390 940 episco-

294 985 408 1044 porum,
434 967 676 1044 presbyterorum,
704 963 899 1033 diaconorum,
920 983 983 1038 qute
1003 974 1070 1022 sunt
1091 964 1266 1023 imitationes
1290 962 1389 1040 gloriae

295 1066 452 1144 Angelicoe,
465 1077 494 1125 et
506 1067 582 1128 illiue
596 1064 762 1123 oeconomiae
776 1083 808 1121 ac
822 1059 1095 1140 dispensationis.”²
1135 1063 1167 1120 S.
1182 1062 1388 1128 Ertrnanros,

296 1165 429 1225 refellens
437 1165 566 1232 Aerinm,
579 1163 626 1237 qui
637 1162 821 1240 presbyteros
830 1162 976 1241 episcopis
986 1161 1160 1236 adaequabat,
1172 1163 1226 1219 ait:
1243 1169 1265 1197 ‘⁶
1276 1163 1390 1237 episco-

296 1283 397 1341 porum
411 1261 480 1320 ordo
503 1261 536 1320 ad
560 1259 720 1339 gignendos
734 1271 827 1338 patres
841 1262 983 1340 praecipue
1004 1261 1134 1337 pertinet,
1147 1260 1233 1338 hujus
1248 1261 1333 1319 enim
1347 1266 1390 1315 est

294 1372 404 1438 patrum
419 1362 449 1418 irt
460 1361 594 1420 Ecclesia
608 1362 785 1438 propagatio.
807 1359 907 1418 Alter''
927 1358 1042 1440 (nempe
1055 1359 1125 1418 ordo
1139 1351 1388 1436 presbyterorum)

297 1469 317 1496 “
327 1478 392 1518 cum
408 1469 501 1536 patres
515 1479 572 1519 non
586 1461 686 1537 possit,
709 1459 784 1518 filios
805 1459 944 1518 Ecclesiae
965 1460 1187 1536 regenerationis
1200 1458 1311 1516 lotione
1326 1473 1389 1532 pro-

294 1558 392 1625 ducit3
426 1569 598 1618 nontamen
621 1569 783 1637 patresaut
806 1553 1008 1637 magistros.”³
1061 1558 1094 1614 S.
1120 1557 1185 1617 Leo
1211 1555 1247 1613 ad
1274 1557 1387 1634 episco-

295 1677 349 1734 pos
369 1657 549 1716 Mauritaniae
570 1659 708 1726 scribens,
739 1657 945 1717 ordinationem
972 1657 1163 1734 episcopalem
1178 1654 1285 1714 diserte
1306 1659 1389 1712 vocat

295 1758 535 1826 Snornnnnrun,
550 1758 596 1815 cni
610 1757 742 1835 injuriam
752 1756 869 1834 irrogari
883 1758 930 1824 ait,
943 1757 1089 1834 bigamum
1103 1753 1259 1814 ordinando
1273 1754 1385 1832 episco-

295 1851 392 1934 pum.⁴
431 1856 472 1914 Et
484 1855 601 1930 quidem
614 1874 701 1928 quum
716 1857 898 1932 episcopatus
912 1855 1038 1913 conserat
1054 1855 1103 1932 jus
1117 1853 1345 1914 confirmationis
1359 1857 1386 1908 et

296 1955 405 2016 ordinis
420 1965 595 2014 sacramenta
607 1952 795 2020 ministrandi,
811 1953 889 2027 quod
902 1972 1047 2028 nunquam
1068 1953 1157 2012 amitti
1178 1962 1286 2031 potest,
1308 1949 1385 2010 nulla

295 2053 406 2112 videtur
432 2073 496 2111 esse
524 2055 595 2112 ratio
621 2071 670 2111 cur
689 2061 897 2111 sacramentum
919 2072 935 2110 a
958 2051 1115 2132 sacerdotio
1140 2052 1308 2110 distinctum
1329 2065 1385 2107 non

293 2151 439 2210 habeatur.
482 2152 547 2208 Nec
562 2161 657 2210 tamen
680 2151 745 2209 iude
768 2151 895 2224 sequitur
914 2151 1083 2228 episcopum
1103 2169 1189 2228 posse
1209 2147 1381 2214 consecrari,

295 2251 345 2324 qui
359 2248 548 2308 sacerdotium
563 2269 621 2309 non
635 2251 672 2308 sit
684 2259 887 2324 consequutus,
901 2251 969 2329 vjure
990 2252 1067 2310 enirn
1087 2248 1185 2309 divino
1198 2246 1383 2308 sacerdotalis

294 2349 438 2407 character
451 2351 481 2409 in
495 2349 639 2428 episcopis
654 2351 787 2429 exigitur,
802 2351 842 2408 uti
855 2359 933 2427 patet
945 2369 982 2408 ex
996 2349 1142 2408 traditione
1156 2349 1334 2426 Apostolica.

334 2453 363 2507 4.
386 2449 508 2508 Materia
522 2450 742 2510 subdiaconatus
762 2451 791 2509 in
806 2450 926 2508 concilio
948 2448 1136 2525 Carthagensi
1149 2449 1203 2506 IV.
1218 2447 1383 2525 praescripta
1459 2512 1461 2515 ι

295 2559 339 2607 est
352 2549 448 2608 calicis
464 2551 544 2607 vacui
558 2569 622 2608 cum
634 2559 736 2627 patena
750 2544 887 2616 traditio,⁵
899 2559 927 2606 et
939 2547 1004 2606 libri
1018 2549 1214 2625 epistolarum.
1245 2546 1380 2616 Plerique

295 2647 393 2705 dicunt
405 2647 482 2704 hunc
495 2666 553 2706 non
567 2649 728 2706 necessario
742 2647 926 2706 tradendum:
948 2646 1000 2706 sed
1019 2639 1176 2706 securitatis
1191 2665 1287 2713 causa,
1303 2642 1381 2703 adhi-

293 2744 403 2803 bendus
418 2753 477 2801 est:
500 2764 551 2803 neo
573 2747 650 2803 enim
673 2745 779 2817 absque
799 2746 877 2822 gravi
897 2755 1014 2822 peccato
1034 2765 1137 2804 munus
1162 2747 1230 2804 tanti
1242 2741 1381 2804 momenti

293 2842 451 2900 discrimini
464 2843 607 2918 objicitur.
650 2843 699 2902 Ex
713 2843 777 2921 lege
801 2843 941 2904 Ecclesia
961 2846 1035 2904 calix
1049 2853 1077 2902 et
1089 2854 1190 2923 patena
1204 2844 1380 2902 subdiacono

293 2939 427 2999 tradenda
440 2951 602 3001 consecrata
616 2944 673 3005 siut
686 2961 805 3003 necesse
819 2954 871 3013 est,
887 2946 1016 3019 quamvis
1029 2944 1125 3021 plures
1139 2943 1310 3006 contendant
1323 2959 1380 3002 non

293 3039 359 3100 inde
383 3039 507 3117 pendere
529 3043 653 3104 valorem
674 3043 879 3103 ordinationis:
902 3051 1035 3106 caeterum
1049 3055 1179 3122 peccaret
1191 3045 1313 3122 graviter
1334 3039 1380 3117 qui

292 3140 370 3200 haud
383 3143 556 3204 consecratis
570 3153 693 3204 uteretur
706 3163 771 3202 cum
784 3143 911 3223 periculo
926 3141 1054 3201 ordinem
1067 3143 1143 3202 haud
1156 3140 1332 3202 conferendi.

332 3246 361 3298 5.
383 3240 556 3300 Subdiaconi
580 3261 682 3301 munus
703 3252 747 3300 est
772 3244 888 3302 calicem
909 3251 938 3301 et
961 3251 1091 3319 patenam
1113 3242 1221 3301 tradere
1248 3240 1377 3304 diacono,

291 3357 395 3416 panem
421 3350 450 3398 et
476 3341 574 3400 vinum
599 3343 629 3400 in
655 3342 825 3401 sacrificium
851 3350 1031 3419 praesentare,
1059 3360 1159 3401 cauere
1179 3340 1330 3421 epistolam
1351 3340 1378 3397 in

291 3439 384 3498 Missa
397 3440 530 3507 solemni,
545 3451 573 3499 et
586 3440 695 3500 deferre
709 3460 822 3502 crucem
837 3441 866 3498 in
880 3440 1121 3519 processionibus.

330 3541 358 3595 6.
382 3538 504 3596 Materia
517 3539 682 3598 diaconatus
696 3539 883 3598 videturesse
898 3558 999 3598 manus
1020 3539 1166 3616 impositio
1180 3540 1374 3616 abepiscopo,

290 3635 381 3692 forma
407 3654 474 3692 vero
495 3653 557 3708 quae
577 3656 612 3694 ea
636 3638 788 3696 occasione
814 3639 922 3714 profert
941 3637 1044 3696 verba:
1077 3640 1214 3716 “Accipe
1241 3639 1377 3716 Spiritum

290 3733 426 3790 Sanctum
454 3730 488 3788 ad
514 3734 598 3792 robur
624 3743 652 3794 et
671 3735 706 3793 ad
726 3735 916 3795 resistendum
942 3737 1055 3796 diabolo
1076 3747 1105 3796 et
1125 3739 1232 3816 angelis
1253 3738 1326 3814 ejus,
1347 3739 1377 3794 in

289 3831 407 3892 nomine
434 3829 563 3890 Domini.
597 3831 724 3891 Amen.”
766 3833 913 3907 Equidem
939 3846 1049 3895 constat
1068 3838 1224 3915 Apostolos
1250 3836 1376 3894 diaconis

288 3931 463 4009 imposuisse
484 3923 611 4002 manus,⁰
630 3951 714 4008 quem
732 3934 816 3992 ritum
842 3935 929 3994 refert
948 3937 1033 3995 etiam
1053 3937 1205 3995 concilium
1230 3935 1377 4011 Carthagi·

289 4051 377 4092 nense
391 4033 445 4091 IV.
456 4053 464 4090 :
487 4041 507 4068 “
517 4031 594 4092 Oum
608 4033 745 4095 diaconus
758 4032 913 4104 ordinatur,
925 4037 1004 4096 solus
1014 4036 1168 4115 episcopus
1180 4053 1281 4094 manus
1291 4053 1377 4110 super

288 4142 380 4214 caput
394 4133 456 4209 ejus
477 4125 610 4210 ponat.”⁷
651 4132 795 4193 Caeterum
822 4120 911 4214 quum
933 4135 1088 4215 probabilis
1116 4137 1153 4194 sit
1178 4134 1375 4212 theologorum

323 4357 365 4422 (l)
385 4355 441 4403 Act.
450 4371 493 4405 xx.
505 4360 545 4404 28.
727 4360 769 4424 (2)
789 4357 818 4406 L.
831 4359 862 4407 vi.
875 4359 963 4410 Strom.
1135 4360 1177 4425 (3)
1197 4358 1263 4408 Her.
1275 4357 1342 4406 lxxv.

323 4440 365 4505 (t)
385 4437 463 4501 Epist.
472 4440 573 4490 lxxxvii.
728 4443 769 4507 (5)
790 4441 852 4490 Can.
864 4459 887 4490 v.
899 4449 923 4492 et
935 4443 1000 4492 Flor.
1012 4442 1037 4492 in
1049 4440 1111 4492 decr.
1125 4457 1168 4508 pro
1181 4439 1301 4492 Armenie.

322 4525 364 4592 (6)
384 4525 439 4574 Act.
450 4525 482 4576 vi.
728 4528 770 4593 (7)
791 4524 853 4578 Con·
865 4543 888 4577 v.
