3108 5162
593 512 650 576 DE
671 515 890 577 DIVORTIO.
1231 519 1287 576 321

199 701 322 752 cum,v:
342 703 370 762 g:
392 681 469 757 quod
482 683 612 742 alteruter
625 684 744 742 caruerit
759 683 919 760 baptismo:
941 699 999 754 quo
1010 669 1287 754 casulicet'quidem

196 780 270 860 legis
284 785 446 842 auctoritate
459 801 491 840 se
504 783 584 850 tueri,
598 785 639 840 uti
661 781 795 859 colligere
808 790 900 840 estex
913 799 1053 857 responso
1073 781 1105 838 S.
1121 780 1287 858 Congrege-

196 881 282 940 tionis
297 883 329 940 S.
345 883 540 956 Inquisitionis
554 881 589 939 ad
609 883 726 954 quesita
739 882 869 959 episcopi
884 881 913 938 N
916 880 1186 948 ec-Aurelianensis,
1208 878 1253 937 die
1268 883 1287 938 9

197 979 374 1056 Septembris
390 980 527 1049 111111
553 981 823 1053 matrimoniisque
845 982 881 1039 ob
908 980 1142 1039 clandestinitatis
1165 978 1286 1055 impedi·

175 1091 322 1138 *mentum
337 1079 461 1139 invalida
473 1090 562 1138 erant.
605 1079 750 1157 Imprimis
764 1081 906 1138 consuluit
920 1091 950 1138 ut
962 1099 1049 1157 opera
1062 1081 1156 1137 omnis
1170 1077 1287 1137 adhibe-

193 1187 269 1236 retur
282 1179 316 1238 ad
332 1179 509 1238 inducendos
523 1197 573 1238 eos
587 1189 618 1236 ut
636 1179 786 1238 catholice
799 1181 871 1238 inter
884 1198 915 1236 se
929 1178 1145 1238 contraherent:
1161 1177 1239 1252 quod
1260 1179 1287 1236 si

193 1288 323 1352 uterque,
337 1280 382 1337 vel
395 1279 528 1337 alteruter
542 1297 622 1338 suam
634 1280 688 1337 sibi
701 1277 858 1338 libertatem
873 1279 1037 1346 vindicaret,
1049 1287 1077 1334 et
1090 1277 1125 1335 ad
1139 1288 1287 1336 votanova

194 1377 282 1435 vellet
295 1380 424 1445 transire,
437 1379 548 1438 obicem
569 1378 673 1436 vinculi
693 1378 792 1454 legalis
808 1378 962 1437 tollendum
983 1379 1135 1455 suggessit,
1154 1374 1230 1450 quod
1251 1377 1282 1433 in

195 1461 369 1552 agnitionem
378 1478 524 1553 potestatis
533 1477 625 1536 civilis
636 1478 666 1536 in
675 1477 846 1536 matrimonii
856 1478 999 1536 vinculum
1014 1476 1120 1560 tradpci
1130 1495 1187 1535 non
1201 1493 1287 1552 posse

196 1574 330 1634 ostendit.
374 1577 538 1635 “Poscenti
559 1587 654 1634 autem
681 1595 786 1634 novum
807 1595 871 1634 cum
898 1578 953 1635 alic
976 1577 1045 1634 inire
1072 1575 1283 1634 matrimonium

196 1691 360 1752 suggerere,
381 1675 457 1747 quod
482 1686 510 1733 et
535 1675 589 1733 sibi
612 1676 691 1752 prius
719 1675 859 1742 consulat,
883 1686 911 1733 et
936 1677 991 1752 ipsi
1013 1674 1148 1751 parocho,
1175 1673 1286 1752 agendo

197 1774 306 1832 scilicet
329 1780 360 1830 ut
379 1785 407 1830 et
428 1775 483 1832 sibi
503 1774 597 1832 civilis
609 1774 741 1832 reddatur
754 1774 877 1840 libertas,
892 1785 920 1831 at
939 1773 1065 1850 parocho
1078 1773 1148 1832 nihil
1169 1776 1206 1832 sit
1220 1773 1286 1831 inde

196 1872 262 1930 mali
283 1872 483 1941 obventurum,
498 1892 554 1932 non
577 1872 605 1930 id
631 1882 707 1930 esset
729 1874 821 1931 civilis
845 1873 954 1948 repudii
981 1891 1089 1931 morem
1113 1873 1284 1950 approbare,

194 1969 350 2029 dummodo
371 1973 423 2029 rite
449 1973 602 2030 instruatur
626 1972 774 2048 postulans
800 1971 828 2030 id
851 1991 909 2030 non
930 1971 995 2030 ideo
1016 1973 1087 2040 lieri,
1102 1983 1135 2030 ut
1154 1973 1281 2030 solvatur

195 2071 403 2130 matrimoniale
416 2072 573 2139 vinculum,
585 2072 651 2143 quia
664 2071 743 2130 nullo
752 2072 813 2147 jam
825 2072 940 2129 vinculo
950 2072 1099 2138 detinetur,
1114 2071 1164 2129 sed
1179 2080 1286 2128 tantum

105 2177 111 2188 ’
194 2179 224 2227 11
250 2189 280 2228 se
302 2189 335 2228 ac
361 2170 516 2247 parochum
545 2170 720 2246 alegalibus
748 2171 839 2246 poenis
873 2171 1061 2243 civilibusque
1088 2170 1285 2229 vexationibus

195 2267 314 2326 redimat
315 2310 441 2327 ......
457 2269 548 2328 Hisce
569 2268 636 2327 11111
657 2287 745 2345 penes
773 2269 952 2327 Gubernium
979 2269 1147 2347 peragendis
1173 2288 1231 2328 non
1252 2288 1283 2326 se

195 2368 356 2426 immiscere
370 2366 475 2427 debent
487 2369 670 2427 missionarii.
714 2368 771 2434 Qui
786 2369 891 2425 nubere
906 2369 1046 2444 exposcit,
1061 2370 1123 2445 ipse
1137 2369 1283 2446 negotium

196 2485 280 2524 suum
295 2466 389 2544 agat.”

235 2570 303 2623 112.
325 2566 358 2624 Si
379 2566 551 2625 matrimonii
572 2566 716 2624 vinculum
738 2584 834 2623 coram
854 2565 918 2624 Deo
938 2565 1082 2633 subsistat,
1098 2572 1208 2624 constat
1226 2584 1286 2624 non

192 2663 279 2722 licere
292 2663 444 2724 divortium
457 2664 541 2724 civile
561 2684 688 2738 quaerere
709 2665 805 2722 animo
826 2682 915 2722 novas
936 2663 1053 2722 ineundi
1075 2664 1207 2740 nuptias:
1230 2663 1286 2722 hoc

194 2764 270 2821 enim
284 2762 387 2823 divinae
400 2766 457 2841 legi
471 2774 620 2841 repugnat.
654 2762 739 2829 Quod
753 2765 777 2820 si
792 2764 962 2838 gravissima
975 2764 1157 2840 urgeat-ratic
1172 2761 1286 2820 divortii

194 2862 350 2933 quaerendi,
365 2881 469 2939 nempe
482 2880 519 2920 ne
533 2871 648 2938 cogatur
661 2863 777 2919 maritus
797 2880 836 2918 aas
854 2863 978 2920 alienum
1001 2862 1099 2920 uxoris
1120 2861 1242 2930 solvere,
1257 2869 1286 2920 et

193 2967 224 3017 ut
236 2958 304 3015 huic
324 2959 360 3016 ad
380 2959 572 3018 hereditatem
593 2978 678 3018 omne
698 2961 834 3036 eripiatur
856 2963 915 3038 jus,
931 2961 1051 3018 dubitari
1064 2962 1176 3036 poterit,
1191 2970 1284 3020 utrum

197 3054 349 3114 Catholico
371 3058 455 3116 liceat
474 3059 626 3117 divortium
642 3058 746 3116 vinculi
767 3078 902 3131 quaerere,
917 3079 953 3117 eo
976 3068 1084 3116 tantum
1108 3059 1143 3116 ad
1164 3057 1285 3117 effectus

194 3155 293 3214 civiles
307 3175 403 3215 usuro.
445 3158 477 3215 Si
490 3158 538 3216 lex
552 3157 690 3216 concedat
703 3158 855 3218 divortium
870 3159 988 3226 athorc,
1000 3167 1084 3233 prout
1097 3157 1127 3214 in
1141 3157 1285 3234 Pennsyl·

194 3256 289 3323 vania,
315 3255 370 3313 hoc
396 3256 564 3333 plerumque
588 3256 771 3330 quarendum
798 3260 861 3315 erit.
907 3257 1051 3315 Caeterum
1078 3257 1108 3314 in
1141 3255 1284 3331 plerisque

195 3352 319 3411 Statibus
335 3355 486 3414 divortium
501 3356 645 3415 avincula
666 3356 802 3414 duntaxat
822 3356 995 3424 conceditur,
1009 3365 1038 3414 et
1056 3355 1104 3412 ubi
1126 3354 1285 3414 alterutrius

193 3454 272 3530 optio
295 3453 387 3523 datur,
402 3454 457 3513 hoc
478 3455 537 3513 fere
560 3474 674 3532 semper
694 3455 816 3532 eligitur,
838 3455 914 3528 quod
937 3456 1020 3513 unice
1043 3454 1161 3512 habetur
1181 3453 1283 3512 efficax

160 3553 162 3558 '
193 3563 291 3611 contra
305 3553 411 3612 alienas
433 3555 580 3613 molestias
600 3554 778 3630 repagulum.
821 3554 943 3612 Videtur
955 3554 1040 3612 licere
1059 3551 1128 3610 illud
1142 3565 1238 3628 petere
1253 3553 1284 3612 in

192 3653 368 3728 gravissimis
389 3653 558 3725 quibusdam
579 3673 674 3712 rerum
697 3652 849 3730 adjunctis,
864 3653 899 3712 ad
920 3654 1063 3730 propriam
1085 3653 1283 3712 securitatemr

192 3769 250 3810 non
264 3753 341 3812 enim
355 3752 474 3830 probare
487 3762 620 3812 censetur
639 3753 784 3829 potestatis
796 3753 888 3811 civilis
903 3754 1069 3813 exercitium
1082 3753 1112 3812 in
1126 3753 1283 3821 vinculum,

192 3957 326 4025 suppetat
337 3951 417 4019 ratio,
432 3971 490 4010 non
504 3952 588 4010 debet
604 3952 660 4010 hoc
673 3952 713 4009 uti
728 3951 869 4009 subsidio.

235 4049 303 4104 113.
326 4047 428 4106 Utrum
438 4049 618 4127 jurisperitus
634 4049 802 4108 catholicus
815 4050 908 4127 possit
920 4065 1036 4124 operam
1050 4053 1183 4121 praestare
1193 4047 1220 4104 ei
1234 4047 1284 4117 qui

190 4143 263 4224 logis
290 4146 430 4205 beneficio
452 4147 486 4206 ad
508 4168 598 4208 novas
620 4150 737 4207 transire
763 4148 876 4225 nuptias
903 4146 1013 4220 querit,
1035 4143 1155 4204 dubitari
1175 4153 1279 4221 potest.

190 4243 336 4320 Equidem
356 4255 469 4306 constm
482 4247 524 4306 nil
542 4247 704 4307 faciendum
726 4248 822 4307 animo
840 4247 927 4305 alium
948 4243 1100 4321 adjuvandi
1112 4251 1143 4304 ut
1162 4263 1282 4321 pravum

189 4354 347 4419 exequatur
366 4346 534 4406 consilium:
556 4347 606 4405 sed
627 4345 739 4420 quoties
763 4345 842 4405 adest
866 4345 979 4403 divortii
998 4362 1015 4398 a
1032 4343 1115 4402 thoro
1136 4343 1280 4416 quarendi

190 4445 283 4519 gravis
309 4463 404 4515 causa,
418 4444 529 4505 videtur
548 4447 634 4505 licere
654 4464 770 4524 operam
793 4452 926 4522 prestare
947 4443 1013 4520 jure
1026 4461 1079 4501 suo
1103 4443 1202 4511 utenti,
1216 4443 1284 4502 licet
