3124 5168
427 533 484 592 DE
507 530 797 592 EUOHARISTIA
817 533 1126 594 MlNISTRANDd.
1278 541 1317 596 77

223 709 373 774 ,reputatur
385 709 490 759 tantum
511 699 643 758 veniale.
660 701 864 760 ..ministrare
884 713 976 760 autem
997 703 1059 760 sine
1079 701 1153 761 stola
1170 709 1199 759 et
1217 719 1316 780 super·

229 797 351 873 pelliceo
364 801 551 859 communiter
569 808 688 858 'censent
706 799 836 859 doctores
858 819 921 858 esse
940 801 1059 860 mortale
1081 819 1118 861 ex
1137 818 1241 878 genere
1261 820 1315 862 suo

231 937 239 954 .
256 939 263 955 .
281 938 287 954 .
303 899 408 957 omissa
421 908 515 959 tamen
528 899 610 968 stola,
626 899 694 959 dicit
707 899 865 977 Roneaglia
884 899 1013 976 pluribus
1026 901 1116 960 videri
1129 900 1223 960 solum
1237 903 1315 960 reni·

229 993 320 1054 ele.’'¹
360 999 394 1058 In
414 981 583 1057 necessitate
602 998 668 1057 licet
687 998 796 1058 deferre
817 999 1028 1058 Eucharistiam
1049 1000 1083 1058 ad
1106 999 1233 1057 infirmos
1253 1001 1315 1060 sine

227 1096 336 1155 lumine
356 1107 384 1155 et
404 1099 527 1156 vestibus
550 1099 655 1156 sacris:
677 1117 740 1170 quae
760 1098 876 1170 quidem
896 1098 1075 1158 consuetudo
1097 1097 1172 1175 apud
1194 1117 1247 1157 nos
1267 1101 1315 1159 ob·

229 1196 320 1264 tinuit,
336 1215 424 1270 quum
438 1199 575 1256 intereos
590 1199 640 1270 qui
653 1197 738 1255 alieni
750 1217 766 1254 a
778 1198 834 1256 fide
848 1207 923 1266 sunt,
939 1217 1101 1258 versemur:
1117 1206 1145 1255 at
1154 1207 1315 1259 reverenter

229 1294 382 1354 deserenda
404 1306 456 1364 est,
477 1297 508 1354 in
527 1298 612 1354 bursa
632 1296 707 1354 cirea
727 1297 832 1355 collum
855 1297 994 1372 pendente
1014 1297 1050 1356 ad
1068 1307 1177 1374 pectus,
1191 1307 1313 1367 serrato,

229 1385 368 1467 quatenus
380 1395 441 1454 fieri
454 1397 556 1473 possit,
571 1397 702 1454 silentio:
725 1393 777 1452 sed
790 1396 818 1452 in
832 1395 932 1452 itinere
944 1397 1113 1473 longinquo,
1127 1396 1204 1469 quod
1216 1396 1313 1474 plures

229 1493 291 1551 dies
305 1495 404 1570 exigit,
419 1507 447 1552 et
460 1497 509 1554 ubi
522 1504 674 1552 occurrunt
692 1494 768 1553 obvii
782 1494 919 1570 quipiam,
934 1515 950 1552 a
963 1495 1106 1568 colloquio
1119 1495 1253 1556 abstineri
1265 1515 1314 1556 ne·

231 1592 302 1663 quit,
317 1595 448 1666 quamvis
463 1612 547 1670 parce
560 1603 707 1666 cauteque,
722 1601 827 1652 etcum
842 1593 961 1652 utilitate
975 1594 1156 1663 audientium,
1171 1613 1266 1656 sermo
1279 1597 1316 1656 sit

229 1690 389 1750 habendus.
431 1693 465 1751 In
478 1711 513 1750 ea
527 1691 711 1750 ministranda
723 1693 795 1750 stola
808 1693 919 1761 saltem,
933 1695 986 1752 sub
999 1696 1078 1771 gravi
1092 1705 1219 1771 peceato,
1233 1695 1313 1754 adhi-

229 1788 321 1848 benda
334 1801 394 1860 est:
415 1791 465 1850 sed
478 1801 506 1850 et
519 1790 674 1851 curandum
695 1800 725 1848 ut
743 1793 980 1869 superpelliceum
1001 1794 1117 1852 indutus
1137 1812 1201 1852 eam
1218 1795 1315 1853 minis·

229 1898 291 1955 teet,
313 1891 399 1967 juxta
421 1891 639 1950 Baltimorensis
667 1891 781 1949 concilii
808 1893 891 1968 primi
918 1894 1067 1961 monitum,
1096 1892 1172 1964 quod
1200 1911 1314 1970 gravem

228 1989 425 2066 obligationem
439 1975 497 2050 non
511 1991 629 2058 inducit,
650 1989 700 2048 sed
720 1989 845 2050 studium
865 1992 1046 2051 commendat
1058 1991 1217 2068 discipline
1230 2011 1315 2070 gene·

230 2088 304 2146 ralis.
355 2090 388 2147 Si
401 2091 550 2168 contigerit
562 2090 663 2149 stolam
677 2089 754 2148 domi
769 2109 806 2150 ex
819 2091 962 2151 oblivione
971 2093 1108 2159 relictam,
1118 2093 1164 2150 vel
1175 2093 1204 2152 in
1214 2093 1315 2152 itinere

230 2188 365 2247 amissam
393 2207 467 2259 esse,
494 2191 649 2249 necessitas
669 2190 832 2251 moribundi
852 2191 963 2251 videtur
982 2209 1118 2251 excusare
1139 2193 1316 2253 sacerdotem

231 2287 402 2362 prebentem
416 2291 559 2359 viaticum,
573 2291 730 2366 presertim
745 2291 770 2347 si
783 2290 1026 2366 superpelliceum
1040 2289 1215 2368 adhibeatur.

272 2392 321 2446 27.
343 2387 515 2463 Plerumque
538 2408 594 2449 non
616 2389 684 2447 licet
703 2387 843 2446 sacerdoti
864 2385 1004 2464 pyxidem
1023 2406 1135 2447 sacrum
1155 2389 1249 2464 palam
1268 2388 1317 2447 de·

231 2485 331 2544 ferenti
345 2507 468 2558 currere,
489 2488 535 2548 vel
548 2507 623 2562 equo
644 2487 720 2556 vehi,
743 2506 831 2560 quunr
852 2485 881 2544 id
900 2486 950 2544 vix
970 2486 1019 2545 liat
1040 2486 1119 2545 salva
1139 2497 1316 2547 sacramento

230 2589 402 2657 reverentia:
432 2588 483 2647 sed
508 2609 544 2648 ex
569 2589 737 2648 necessitate
763 2597 913 2659 utrumque
946 2586 1102 2660 aliquando
1126 2587 1313 2663 permittitur:

230 2686 305 2758 quod
319 2706 354 2747 eo
367 2690 459 2766 magis
473 2687 625 2748 dicendum
640 2689 675 2748 de
689 2687 876 2746 missionariis
889 2685 961 2745 illud
971 2687 1102 2764 privatim
1113 2687 1315 2756 deferentibus,

230 2796 312 2861 prout
337 2788 412 2865 apud
440 2808 503 2848 nos.
546 2787 704 2861 Nunquam
730 2786 916 2846 deferendum
939 2799 983 2844 est
1002 2786 1037 2846 ad
1062 2799 1183 2865 egrotos
1203 2808 1317 2848 venera·

230 2887 315 2944 tionis
327 2906 423 2955 causa,
437 2887 489 2946 sed
502 2897 610 2946 tantum
624 2888 659 2947 ad
672 2906 722 2946 eos
737 2887 787 2961 qui
799 2885 869 2946 illud
883 2888 1043 2962 suscepturi
1056 2899 1132 2945 sunt.

270 2989 320 3043 28.
342 2986 434 3044 Extra
448 2988 545 3046 mortis
559 2987 716 3064 periculum
738 2986 772 3044 ad
794 2994 925 3063 aegrotos,
945 2984 990 3040 vel
1010 2985 1169 3043 infirmitate
1189 2985 1318 3056 laboran-

231 3093 282 3153 tes,
303 3084 485 3145 Eucharistie
504 3085 657 3146 deserenda
676 3096 721 3143 est
739 3095 865 3163 ternpore
885 3079 1022 3160 paschali,
1043 3081 1156 3155 quando
1174 3093 1317 3158 praecepto

229 3185 390 3244 satisfacere
404 3187 539 3263 cupiunt;
560 3186 610 3244 sed
625 3195 656 3244 ut
668 3186 731 3246 eliis
746 3186 920 3263 temporibus
935 3183 1002 3240 anni
1015 3201 1079 3242 eam
1093 3181 1220 3259 praestari
1234 3189 1318 3259 opor·

231 3291 271 3340 tet
283 3284 330 3359 pie
343 3283 576 3345 desiderantibus.
1055 3335 1056 3338 ,

271 3387 320 3441 29.
342 3384 400 3451 Qui
413 3385 522 3444 laborat
535 3384 669 3462 podagra,
684 3385 731 3443 vel
744 3384 813 3445 alias
827 3384 913 3442 habet
925 3381 1059 3458 pollicem
1073 3393 1101 3440 et
1114 3380 1236 3440 iudicem
1250 3381 1319 3440 dex·

232 3490 295 3540 tere
310 3503 409 3542 manus
423 3485 588 3562 impeditos,
603 3503 661 3543 non
674 3493 777 3560 potest,
794 3484 876 3561 juxta
896 3481 1116 3558 probabiliorem
1138 3481 1318 3550 sententiam,

231 3581 442 3644 Eucharistiam
456 3586 616 3644 ministrare
631 3584 834 3660 posterioribus
854 3581 951 3660 digitis
967 3589 1047 3641 extra
1059 3601 1158 3641 casum
1171 3592 1318 3650 extreme,

233 3681 277 3739 vel
290 3684 464 3759 gravissima
478 3685 666 3752 necessitatis,
681 3702 746 3742 nam
760 3682 858 3760 pollex
872 3692 900 3740 et
913 3681 1000 3741 index
1014 3701 1050 3740 ex
1063 3683 1117 3742 ritu
1132 3681 1272 3742 EcclesIae
1286 3681 1321 3740 ad

234 3779 263 3835 id
276 3781 427 3841 ministerii
437 3777 632 3861 deputantur?
672 3782 794 3851 Quodsi
808 3782 905 3859 pollex
919 3782 989 3842 adeo
1004 3782 1157 3860 impeditus
1170 3783 1217 3849 sit,
1230 3793 1261 3840 ut
1274 3799 1321 3839 ne-

235 3889 319 3952 queat
331 3881 463 3941 sacerdos
477 3884 599 3943 hostiam
610 3902 645 3942 eo
658 3883 798 3960 frangere,
812 3901 870 3941 non
885 3883 989 3958 poterit
1002 3884 1160 3943 celebrare:
1181 3899 1249 3938 narn
1262 3897 1321 3936 non

235 3978 405 4052 permittitur
418 3983 606 4042 sacerdotium
620 3984 648 4041 ei
661 3984 709 4056 qui
723 3982 827 4060 pollice
840 3983 941 4056 nequit
955 3982 1077 4040 hostiam
1088 3971 1257 4054 frangere.³.

273 4081 323 4136 30.
344 4078 526 4141 Eucharistie
538 4102 621 4142 manu
637 4082 790 4141 sacerdotis
811 4092 855 4140 est
874 4083 917 4139 ori
936 4080 1120 4157 suscipientis
1134 4072 1320 4142 immittenda,

233 4178 302 4250 quin
328 4179 548 4240 instrumentum
568 4181 749 4242 adhibeatur:
771 4192 905 4240 ceterum
925 4187 1071 4255 grassante
1094 4181 1185 4252 peste,
1206 4190 1324 4239 censent

303 4400 653 4468 (1)S.A1platvi.1catl.
908 4397 950 4462 (2)
970 4393 997 4442 S.
1008 4393 1082 4460 Alph.
1094 4393 1110 4444 1.
1121 4393 1256 4449 vineat.

591 4487 633 4553 (3)
652 4485 711 4548 Cep.
723 4483 767 4534 ult
778 4481 808 4530 da
819 4495 884 4545 corp.
895 4478 971 4528 vitiet

756 4580 802 4634 8}
