3108 5162
390 560 447 621 DE
468 557 787 620 lMPEDIMENTlS
808 557 1083 619 MATRlMONll.
1224 563 1283 619 338

195 730 265 790 serit
282 729 353 798 viro,
367 745 454 802 quem
475 728 590 804 putabat
608 743 674 784 esse
693 726 825 793 liberum,
845 726 977 797 quamvis
996 744 1096 784 revera
1115 743 1174 784 non
1194 734 1282 794 esset,

197 936 325 986 mentum
338 937 472 986 statutum
486 935 538 994 est,
552 937 583 984 ut
594 926 686 984 libero
706 923 885 983 consulatur:
909 933 1082 1001 quapropter
1100 925 1175 983 valet
1191 924 1284 982 matri·

194 1027 324 1086 monium
337 1028 363 1085 si
375 1027 448 1086 liber
460 1026 572 1084 noverit
590 1025 708 1082 alterum
732 1041 847 1082 servum
864 1041 940 1082 esse.
982 1025 1136 1083 Servorum
1158 1024 1232 1082 inter
1251 1041 1283 1080 se

195 1126 377 1184 matrimonia
388 1125 493 1192 valent,
504 1125 589 1184 etiam
602 1123 698 1182 invitis
712 1122 846 1191 dominis,
861 1141 926 1182 narn
939 1122 1033 1201 adjus
1047 1132 1152 1182 nature
1162 1124 1286 1200 pertinet

195 1235 226 1284 ut
246 1225 281 1284 de
301 1243 333 1282 ee
353 1225 407 1282 hac
428 1225 457 1282 in
478 1242 508 1282 re
531 1223 694 1300 disponant.
737 1220 875 1288 “Sane''
897 1223 990 1295 inquit
1009 1222 1175 1281 Hadrianus
1194 1222 1285 1298 Papa,

195 1342 270 1383 anno
292 1328 363 1392 790,
385 1325 495 1402 “juxta
515 1323 631 1381 verbum
652 1321 794 1397 Apostoli,
815 1321 889 1378 sicut
905 1323 934 1380 in
957 1321 1074 1380 Christo
1093 1320 1176 1388 lesu,
1190 1337 1284 1394 neque

194 1422 275 1489 liber,
290 1441 382 1494 neque
396 1441 494 1480 servus
508 1431 553 1480 est
564 1441 581 1478 a
593 1421 778 1478 sacramentis
792 1419 933 1478 Ecclesia
947 1420 1154 1490 removendus:
1175 1421 1214 1478 ita
1228 1437 1283 1478 nec

195 1520 269 1578 inter
281 1539 380 1578 servos
399 1522 581 1580 matrimonia
595 1519 699 1578 debent
717 1519 857 1597 ullatenus
878 1520 1040 1596 prohiberi;
1060 1530 1090 1578 et
1108 1521 1131 1578 si
1145 1518 1286 1578 contradi·

195 1619 323 1678 centibus
349 1619 474 1679 dominis
499 1629 529 1678 et
555 1619 651 1701 invitis
678 1627 820 1676 contracta
845 1610 968 1688 luerint,
981 1619 1059 1677 nulla
1083 1620 1192 1678 ratione
1218 1628 1286 1676 sunt

197 1727 313 1796 propter
331 1717 387 1779 hoc
407 1717 599 1778 dissolvenda.
642 1716 746 1776 Debita
768 1727 862 1775 tamen
883 1730 912 1776 et
930 1728 1067 1776 consucta
1093 1719 1208 1776 servitia
1227 1735 1286 1775 non

196 1818 292 1876 minus
311 1817 415 1876 debent
436 1819 559 1897 propriis
580 1817 704 1876 dominis
718 1811 896 1874 exhiberi.’'¹
935 1817 1081 1890 Equidem
1094 1819 1173 1895 leges
1187 1817 1286 1876 civiles

197 1916 328 1975 Statuum
341 1918 371 1975 in
385 1918 488 1990 quibus
502 1919 623 1976 servitus
637 1917 724 1992 viget,
733 1925 828 1973 vetant
841 1933 877 1972 ne
891 1917 968 1975 servi
982 1917 1161 1975 matrimonia
1178 1918 1285 1989 absque

195 2015 377 2074 dominorum
400 2018 484 2075 venia
506 2017 611 2084 ineant,
632 2015 764 2092 gravibus
784 2015 954 2091 plerumque
975 2016 1119 2074 intentatis
1132 2016 1225 2092 poenis
1238 2015 1285 2082 iis,

195 2115 245 2188 qui
261 2133 311 2172 eos
333 2115 405 2174 alins
427 2117 603 2193 conjungere
626 2113 777 2174 auderent:
799 2125 974 2191 quapropter
993 2113 1148 2175 curandum
1169 2124 1200 2173 ut
1218 2132 1287 2173 con·

195 2231 297 2272 sensus
321 2214 369 2272 ille
395 2215 541 2273 habeatur.
583 2213 670 2280 Quod
695 2214 721 2272 ei
746 2213 851 2290 injuste
878 2213 1043 2291 denegetur,
1064 2223 1093 2271 et
1112 2232 1158 2272 res
1177 2221 1285 2290 urgeat,

196 2313 299 2389 poterit
321 2311 472 2390 indulgeri,
492 2323 524 2372 ut
546 2313 622 2370 servi
641 2313 715 2372 iuter
739 2330 771 2368 se
792 2312 970 2380 contrahant,
991 2331 1028 2370 ne
1054 2313 1123 2371 alias
1149 2312 1287 2389 peccandi

196 2411 325 2489 periculo
349 2413 527 2490 objiciantur,
549 2413 593 2470 vel
613 2410 747 2470 sacerdos
768 2429 867 2468 eorum
888 2410 1001 2469 adstans
1022 2411 1128 2487 nuptiis
1148 2411 1241 2488 poenis
1260 2422 1289 2468 et

132 2547 135 2558 .
196 2510 337 2572 molestiis
360 2512 536 2589 gravissimis
560 2511 609 2570 fiat
629 2509 780 2569 obnoxius.
822 2509 857 2568 ln
877 2509 957 2567 Statu
984 2510 1232 2587 Mississippicnsi
1252 2508 1290 2568 de

196 2628 354 2678 servorum,
369 2611 415 2670 vel
437 2611 590 2670 liberorum
613 2611 688 2688 nigri
707 2609 822 2676 coloris,
844 2610 986 2688 conjugiis
1009 2610 1050 2668 nil
1062 2610 1125 2686 lege
1139 2608 1287 2669 definitum

196 2718 250 2777 est,
265 2727 328 2782 quae
341 2709 448 2769 idcirco
461 2710 598 2769 celebrari
610 2728 698 2787 posse
710 2708 842 2766 videntur
855 2709 961 2781 absque
975 2709 1058 2766 venia
1077 2709 1215 2785 speciali:
1237 2707 1289 2768 sed

196 2808 305 2869 domini
318 2811 424 2882 ubique
438 2829 501 2870 earn
517 2818 656 2886 usurpant
676 2809 706 2868 in
726 2825 825 2866 servos
845 2816 1026 2885 potestatem,
1041 2826 1097 2880 qua
1110 2808 1290 2867 matrimonia

196 2925 295 2968 eorum
309 2925 347 2965 ex
360 2909 473 2966 arbitrio
487 2909 660 2987 permittant,
682 2909 728 2966 vel
751 2906 937 2984 prohibeant:
961 2902 1132 2984 quapropter
1154 2907 1288 2968 sacerdos
1332 2948 1338 2962 .

197 3007 246 3064 vix
259 3013 359 3082 posset
371 3005 478 3078 absque
492 3006 661 3084 gravissimo
674 3007 719 3064 eui
733 3006 898 3064 discrimine
917 3025 960 3074 ea,
980 3009 1088 3080 absque
1106 3005 1288 3066 dominorum

195 3105 291 3172 venia,
306 3104 458 3164 celebrare.

239 3207 307 3262 141.
335 3204 381 3262 De
406 3215 554 3264 servorum
580 3205 767 3264 matrimoniis
788 3204 957 3282 plerumque
983 3203 1100 3262 difficile
1124 3202 1287 3281 judicatur:

197 3321 275 3381 saepe
289 3304 366 3363 enirn
380 3303 617 3364 consuetudinem
631 3305 704 3362 inter
719 3321 750 3360 se
764 3304 870 3372 fovent,
885 3304 965 3362 nullo
979 3303 1107 3381 conjugii
1120 3303 1226 3371 animo,
1241 3303 1287 3362 vel

197 3421 230 3461 se
250 3405 390 3482 conjuges
411 3403 593 3481 appellando,
614 3402 800 3476 quoadusque
820 3412 939 3477 uterque
959 3404 1011 3461 rite
1038 3422 1069 3461 se
1090 3405 1221 3480 gesserit,
1242 3403 1289 3462 vel

198 3502 291 3562 donec
305 3503 477 3563 dominicos
491 3504 698 3580 separaverint:
721 3503 790 3561 alias
805 3502 936 3561 videntur
947 3510 1116 3580 perpetuum
1130 3501 1203 3560 velle
1216 3503 1289 3561 inire

197 3603 383 3672 consortium,
397 3601 449 3661 sed
462 3610 555 3661 utrum
570 3602 683 3661 vinculo
697 3602 785 3678 priori
797 3602 879 3661 liberi
892 3604 948 3660 sint
960 3603 1010 3660 vix
1029 3603 1096 3661 sciri
1110 3611 1214 3678 potest.
1256 3602 1289 3660 Si
1308 3597 1311 3604 ’

197 3711 309 3762 constet
321 3721 371 3762 ecs
385 3701 539 3776 aliquando
552 3699 627 3761 scrib
641 3701 741 3760 iniisse
754 3702 931 3779 conjugium,
947 3703 1042 3761 animo
1055 3720 1119 3760 sese
1135 3702 1164 3760 in
1177 3710 1289 3780 perpet-

198 3819 266 3862 uum
279 3801 435 3880 obligandi,
448 3802 573 3861 validum
584 3789 747 3860 habendum
761 3802 833 3860 erit:
847 3821 901 3860 nec
914 3801 948 3860 ad
962 3803 1032 3861 alias
1046 3803 1158 3878 nuptias
1173 3803 1290 3860 transire

197 3899 305 3967 licebit,
319 3899 412 3960 donec
425 3901 461 3960 de
474 3903 606 3980 conjugis
627 3902 731 3978 prioris
751 3911 843 3961 morte
863 3902 1030 3960 constiterit.
1072 3900 1218 3958 Ceterum
1232 3900 1291 3974 ple·

198 3997 279 4069 rique
305 4015 404 4058 eorum
430 4009 589 4060 connectas
615 4019 675 4060 non
701 3993 805 4058 habent
831 4001 958 4078 conjugii
979 4002 1049 4067 vim,
1071 4016 1158 4070 quum
1180 3998 1291 4055 animus

199 4095 308 4154 vinculi
321 4100 451 4174 perpetui
465 4099 649 4158 contrahendi
663 4100 720 4158 illis
734 4099 818 4166 desit,
833 4106 862 4156 et
881 4098 1006 4155 conditio
1029 4098 1183 4154 conssenui
1204 4113 1292 4172 appo·

199 4204 299 4254 natur:
321 4205 494 4274 quapropter
506 4198 556 4271 qui
569 4197 603 4256 ed
616 4197 703 4256 fidem
725 4197 904 4256 catholicam
925 4197 1051 4261 veniunt,
1066 4194 1113 4251 vel
1132 4194 1166 4253 ad
1187 4195 1291 4255 bonam

198 4293 310 4373 frugem
324 4295 501 4374 rediguntur,
515 4315 574 4356 non
594 4307 660 4356 sunt
678 4297 762 4356 facile
782 4294 904 4372 cogendi
923 4305 955 4353 ut
975 4294 1106 4352 deserant
1124 4312 1210 4368 quarn
1224 4312 1292 4356 con·

517 4506 560 4572 (1)
577 4457 639 4572 bap.
650 4507 668 4558 l.
680 4506 719 4558 De
729 4503 848 4574 conjugio
858 4518 993 4556 ancorum.
