3108 5162
285 535 345 594 Μ
551 529 608 590 DE
630 529 804 591 NATURA
825 531 1099 592 MATRIMONII.

285 697 430 760 individua
442 699 506 756 vitre
519 699 663 766 societate,
677 700 799 777 proprie
821 699 972 759 voluntatis
992 699 1159 758 electionem
1172 707 1205 756 et
1219 697 1390 756 libertatem

284 799 383 876 exigit.
426 795 504 855 Hinc
524 807 617 856 metus
637 799 731 874 gravis
752 799 856 875 injuste
875 799 1006 857 Incussus
1020 799 1083 875 ejus
1098 797 1186 856 valori
1203 793 1339 864 obstat,²
1354 797 1391 852 uti

285 907 386 974 postea
398 895 588 973 explicabitur
600 895 701 954 lusius.

324 999 373 1054 34.
395 994 490 1054 Debet
502 1013 539 1054 ex
553 995 640 1054 anImi
658 994 859 1055 deliberatione
879 1013 1038 1054 consensus
1051 994 1223 1072 procedere,
1242 1002 1391 1066 quatenns

284 1095 346 1154 herc
370 1095 406 1154 ad
431 1113 545 1172 gravem
572 1094 774 1170 obligationem
799 1093 1020 1153 contrahendam
1047 1095 1218 1167 requiritur:
1245 1103 1388 1150 caeterurn

285 1195 361 1253 valet
374 1211 531 1252 consensus
546 1203 650 1250 temere
661 1190 753 1262 datus,
761 1191 917 1252 dummodo
926 1203 1025 1252 nature
1032 1202 1191 1251 contractus
1203 1193 1388 1254 innotescat,

284 1303 313 1350 et
325 1291 453 1350 voluntas
474 1309 525 1348 sna
538 1292 665 1350 libertate
678 1301 778 1350 utatur.
820 1292 927 1351 Ebrius
941 1301 1045 1358 autem,
1060 1293 1110 1365 qni
1123 1293 1168 1350 sui
1182 1308 1318 1366 compos
1332 1305 1388 1346 non

283 1401 336 1456 est,
350 1391 449 1461 nequit
468 1390 660 1448 necessarium
674 1400 805 1468 prestare
818 1409 1007 1450 consensum:
1029 1409 1112 1448 secus
1126 1391 1175 1463 qui
1196 1390 1388 1462 aliquatenus

283 1487 396 1546 vacillat
410 1488 532 1565 judicio,
553 1491 622 1546 satis
636 1499 730 1548 tamen
750 1489 833 1546 habet
852 1498 1032 1566 perspectum
1054 1488 1131 1562 quod
1153 1487 1340 1566 aggreditur,
1359 1493 1386 1541 et

283 1605 334 1646 sna
346 1585 489 1646 voluntate
502 1589 654 1646 consentit.

322 1689 372 1744 36.
394 1684 523 1744 Externa
549 1704 707 1745 conarensu
734 1686 848 1754 indicia,
862 1687 923 1745 slve
949 1687 1054 1754 verbis,
1076 1688 1137 1744 sive
1163 1671 1301 1751 nutibus,
1326 1682 1384 1740 exi-

283 1794 396 1862 guntur,
411 1795 443 1842 ut
464 1783 597 1844 Ecclesia
611 1786 820 1843 matrimonium
841 1795 987 1863 agnoscat,
1008 1784 1084 1859 quod
1109 1787 1172 1861 ipro
1195 1786 1294 1843 animi
1318 1801 1383 1839 con·

283 1903 371 1942 sensu
383 1892 509 1943 constat:
533 1873 612 1942 “led
635 1885 796 1942 necessaria
809 1895 886 1952 sunt,
900 1893 1036 1957 quantum
1050 1883 1085 1942 ad
1099 1884 1279 1952 Ecclesiam,
1296 1880 1381 1938 verba

283 2001 456 2042 consensum
477 1984 666 2060 exprimentia
679 1982 714 2040 de
728 1983 870 2059 presenti.
913 1983 991 2041 Nam
1013 1983 1092 2041 surdi
1114 1994 1143 2040 et
1162 1983 1233 2040 muti
1255 1990 1382 2059 possunt

284 2083 450 2141 contrahere
464 2083 673 2140 matrimonium
688 2099 737 2157 per
751 2098 921 2139 eonsensum
936 2093 1065 2142 mutuum
1079 2083 1142 2140 siue
1155 2075 1307 2140 verbis.'’²
1347 2077 1379 2134 Si

282 2179 378 2256 puella
391 2177 561 2237 verecundia
572 2178 726 2257 praepedita
740 2197 797 2238 non
810 2180 981 2256 respondeat
994 2182 1163 2258 presbytero
1176 2177 1376 2256 interroganti,

281 2287 374 2336 utrum
402 2278 471 2336 velit
495 2278 636 2351 quendam
662 2279 692 2336 in
718 2279 850 2337 maritum
874 2278 987 2345 habere,
1014 2298 1115 2338 manus
1141 2282 1303 2356 prensatio,
1332 2273 1375 2332 rel

282 2377 382 2454 capitis
397 2377 541 2437 inclinatio
555 2378 678 2437 sufficiet
691 2378 725 2436 ad
740 2397 913 2437 eonsensum
928 2379 1157 2455 exprimendum.

322 2480 372 2536 36.
394 2477 427 2536 In
451 2497 535 2536 usum
559 2479 731 2540 matrimonii
745 2478 856 2537 tradunt
872 2496 924 2536 sua
936 2496 1054 2553 corpora
1067 2477 1284 2545 contrahentes,
1307 2483 1372 2532 atta-

282 2594 349 2636 men
363 2595 481 2634 necesse
494 2596 552 2636 non
565 2585 651 2636 estut
663 2576 717 2634 sibi
731 2587 892 2654 proponant
900 2577 965 2655 jure
979 2575 1044 2634 inde
1058 2577 1198 2650 acquisito
1211 2577 1263 2644 nti,
1281 2590 1371 2649 quum

281 2673 409 2732 domInio
420 2676 474 2732 sibi
487 2677 611 2734 invicem
625 2674 725 2732 tradito
738 2684 898 2734 contractus
908 2676 1078 2752 perficiatur.
1121 2675 1200 2734 Hinc
1213 2675 1245 2732 S.
1256 2674 1277 2732 J
1279 2669 1370 2747 oseph

280 2781 413 2829 censetur
427 2789 492 2829 vere
505 2773 611 2848 conjux
622 2772 760 2847 Virginis,
775 2774 906 2845 quamvis
920 2773 986 2832 hnic
996 2776 1176 2852 propositum
1191 2775 1274 2832 suerit
1288 2795 1305 2830 a
1317 2769 1368 2828 viri

280 2868 484 2926 consuetudine
506 2870 655 2938 abstinere,
677 2871 717 2927 uti
742 2870 832 2944 liquet
850 2891 887 2930 cx
913 2874 975 2950 ejus
1003 2873 1096 2940 dicto;
1119 2871 1301 2940 “Quomodo
1321 2870 1368 2928 fiet

280 2965 355 3026 istud
368 2970 504 3042 quoniam
519 2969 609 3029 virum
624 2989 682 3028 non
696 2989 840 3047 cognosco
849 2967 899 3028 l”³

319 3071 369 3127 37.
400 3068 457 3128 Per
481 3081 695 3146 procuratorem
715 3070 808 3129 valide
833 3072 1007 3131 contrahitur
1032 3072 1254 3139 matrimonium,
1283 3071 1367 3128 habet

280 3167 356 3226 enIm
370 3179 529 3228 contractus
543 3182 681 3228 naturam.
723 3171 920 3229 Procuratoria
934 3189 1021 3248 opera
1031 3171 1159 3230 contrahi
1173 3189 1260 3249 posse
1274 3169 1366 3228 decla-

279 3267 351 3324 ravit
361 3267 527 3327 Bonifatius
539 3269 622 3327 VIII.
635 3267 791 3328 dummodo
801 3271 925 3346 speciale
939 3270 1192 3329 deturmandatum
1203 3290 1211 3337 ;
1223 3289 1276 3328 nec
1289 3269 1364 3327 enim

279 3363 383 3423 valeret
396 3369 608 3426 matrimonium
632 3368 667 3436 ab
686 3369 742 3425 alio
764 3378 936 3428 contractum
951 3369 1065 3427 alterins
1077 3371 1204 3436 nomme,
1219 3371 1268 3442 qui
1282 3384 1365 3446 gene-

279 3463 335 3520 rale
346 3465 471 3523 dedisset
480 3466 642 3525 mandatum
653 3484 772 3525 uxorem
786 3469 812 3525 ei
827 3467 987 3542 querendis
1005 3477 1200 3546 “procurator
1214 3487 1271 3526 non
1285 3467 1364 3524 aliter

279 3573 410 3620 censetur
423 3563 540 3621 idoneus
555 3564 589 3621 ad
604 3566 814 3624 matrimonium
838 3559 1073 3634 contrahendum,
1097 3587 1183 3641 quam
1206 3569 1231 3625 si
1252 3567 1286 3624 ad
1309 3566 1363 3622 hoe

278 3656 441 3716 mandatum
457 3660 584 3718 habuerit
597 3662 721 3736 speciale
732 3660 780 3718 :⁹⁹⁴
800 3663 850 3720 sed
864 3683 918 3722 nec
932 3665 1014 3734 valet,
1030 3667 1054 3724 si
1069 3677 1242 3743 procurator,
1258 3667 1362 3737 absque

279 3755 395 3832 speciali
415 3757 444 3812 in
467 3756 496 3814 id
516 3759 687 3825 auctoritate,
711 3761 797 3818 alium
819 3760 1005 3839 deputaverit,
1027 3766 1075 3838 qni
1098 3765 1259 3824 contrahat:
1281 3762 1326 3820 vel
1339 3762 1362 3818 si

278 3851 402 3914 mandati
415 3855 493 3934 leges
508 3865 726 3933 pretergressus
741 3853 849 3916 suerit.⁵
877 3861 963 3929 Quod
975 3865 1001 3921 si
1013 3864 1177 3923 mandatum
1191 3863 1274 3921 luerit
1286 3880 1364 3921 revo-

278 3964 371 4015 catum
386 3969 449 4013 ante
462 3965 647 4025 contractum,
669 3957 779 4016 nullum
801 3968 845 4016 est
864 3963 1088 4030 matrimonium,
1109 3980 1197 4036 quum
1211 3962 1285 4020 desit
1298 3979 1363 4018 con·

277 4071 387 4113 sensus.
411 4064 429 4090 ‘⁴
440 4056 514 4114 Sane
528 4058 552 4114 si
566 4066 740 4133 procurator,
756 4069 904 4132 antequam
919 4062 1102 4129 contraxerit,
1122 4081 1139 4119 a
1152 4060 1269 4119 domiuo
1282 4060 1363 4118 fuerit

275 4163 434 4222 revocatus,
462 4166 635 4214 contractum
657 4158 840 4233 postmodum
866 4161 1077 4218 matrimonium
1097 4161 1131 4218 ab
1158 4159 1258 4217 eodem
1286 4157 1363 4237 (licet

344 4318 387 4382 (l)
406 4317 465 4381 Gap.
480 4320 564 4368 xxviii.
576 4319 782 4387 desponsalibus.
851 4323 893 4387 (2)
914 4321 975 4385 Gap.
987 4337 1046 4370 xxv.
1060 4321 1263 4389 desponsalibus.

344 4401 386 4478 (3)
405 4399 494 4453 Luci.
506 4406 545 4452 34.
850 4408 893 4472 (4)
913 4407 973 4470 Dap.
985 4408 1029 4462 ult
1040 4406 1071 4458 de
1078 4413 1207 4476 procurat.
1218 4407 1247 4457 s'rt
1260 4409 1282 4454 6.

850 4490 893 4556 (5)
912 4489 942 4540 1..
952 4490 1086 4553 Diligenter
1097 4492 1129 4542 D.
1140 4491 1258 4542 Mandsti.
