3172 5172
414 533 472 593 DE
494 530 791 593 SUSCEPTIONE
813 529 1130 592 EUCHARISTIAE.
1278 539 1317 594 87

229 718 288 757 non
301 699 384 758 debet
395 701 500 774 absque
514 699 696 759 consessione
710 698 862 768 celebrare,
884 707 916 757 ut
936 699 1044 776 populo
1057 697 1105 757 det
1117 699 1229 776 copiam
1243 698 1317 758 Mis·

230 817 271 855 sae
285 798 428 857 audienda
439 819 490 858 nec
507 802 585 858 enim
596 808 706 858 tenetur
715 817 778 858 eam
789 799 925 876 prebere,
944 799 1012 857 licet
1023 799 1086 876 ipae
1100 796 1200 857 eadem
1214 809 1315 866 careat,

227 899 342 955 nemine
356 896 478 956 adstante
493 901 541 973 qui
554 899 686 957 celebret.

270 999 318 1056 47.
341 997 491 1066 Sacerdos,
507 999 555 1070 qui
565 999 717 1057 celebrarit
726 997 834 1071 absque
846 997 1038 1067 consessione,
1050 997 1133 1074 copia
1143 995 1317 1057 confessoris

230 1093 388 1162 deficiente,
409 1105 504 1155 “cum
518 1098 641 1172 primurn
655 1097 767 1173 poterit,
789 1097 873 1154 debet
891 1097 1019 1157 confiteri
1029 1091 1077 1154 :”¹
1096 1114 1150 1155 nec
1170 1097 1277 1154 suffieit
1287 1109 1319 1155 ut

230 1194 408 1253 occasionem
423 1207 615 1272 opportunam
628 1206 769 1273 expectet,
792 1213 857 1253 nam
871 1205 1014 1272 praecepto
1034 1195 1176 1254 Ecclesiae
1190 1205 1315 1255 tenetur:

230 1291 366 1350 damnatae
381 1296 489 1371 quippe
501 1304 570 1352 sunt
579 1295 790 1370 propositiones
805 1303 974 1364 sequentes:
990 1293 1188 1353 “Mandatum
1202 1297 1317 1354 concilii

230 1391 395 1450 Tridentini
409 1392 548 1452 sacerdoti
562 1393 732 1450 sacrificanti
746 1412 784 1452 ex
797 1381 965 1450 necessitate
985 1412 1050 1451 cum
1064 1403 1179 1469 peccato
1193 1396 1315 1463 mortali,

228 1490 385 1549 confitendi
408 1494 633 1569 quamprimum,
656 1499 700 1548 est
719 1491 883 1559 consilium,
906 1508 965 1548 non
987 1490 1192 1568 praeceptum.’'
1234 1493 1317 1553 “Illa

230 1589 379 1664 particula,
401 1589 653 1667 ‘quamprimum'
677 1591 853 1668 intelligitur,
873 1609 939 1648 cum
959 1590 1091 1649 sacerdos
1111 1609 1163 1649 suo
1189 1603 1316 1670 tempore

229 1685 457 1748 confitebitur.”²
497 1689 574 1749 Intra
587 1689 707 1749 triduum
720 1691 864 1768 plerisque
878 1689 987 1748 videtur
997 1690 1141 1749 confessio
1154 1690 1283 1750 facienda
1292 1687 1316 1749 :³

229 1785 345 1858 quodsi
360 1788 396 1847 ob
410 1789 518 1848 itineris
532 1789 704 1856 distantiam,
719 1799 747 1849 et
766 1808 846 1847 sacra
864 1807 992 1858 munera,
1013 1807 1076 1864 qum
1088 1789 1198 1848 differri
1211 1808 1316 1862 neque-

227 1897 288 1954 unt,
303 1905 336 1943 v:
352 1907 387 1964 g:
402 1889 637 1948 moribundomm
647 1890 796 1966 juramen,
810 1898 932 1961 nequeat
944 1888 1017 1958 fieri,
1028 1897 1138 1965 oportet
1150 1906 1245 1946 moras
1259 1907 1317 1947 non

227 1995 349 2054 nectere,
364 1987 413 2045 sed
427 1990 549 2066 primam
568 1990 750 2049 occasionem
772 1989 904 2064 arripere.
928 1987 980 2053 ,si
999 1987 1099 2046 eadem
1112 1986 1159 2047 die
1173 2007 1230 2062 qua
1243 1987 1317 2046 cele·

229 2085 327 2155 brevit,
342 2088 378 2145 sit
391 2089 474 2164 eopia
487 2087 683 2156 confessoris,
699 2098 798 2166 postea
810 2087 949 2155 defutura,
963 2087 1046 2148 debet
1058 2106 1093 2146 ea
1105 2087 1156 2145 uti.

267 2189 317 2242 48.
339 2186 371 2243 Si
385 2187 527 2255 sacerdos,
542 2188 591 2260 qui
606 2186 695 2255 adest,
710 2198 804 2248 careat
820 2186 1031 2264 jurisdictione,
1046 2188 1091 2245 vel
1112 2188 1181 2260 quia
1193 2206 1252 2246 non
1264 2186 1317 2246 fuit

229 2284 399 2358 approbatus
420 2286 455 2343 ad
475 2286 671 2346 consessiones
692 2285 858 2353 audiendas,
880 2286 926 2342 vel
945 2285 1012 2358 quia
1031 2304 1188 2362 suspensus
1202 2296 1256 2354 est,
1271 2287 1317 2344 vel

230 2383 505 2454 excommunicatus,
519 2403 577 2444 non
597 2385 716 2447 habetur
735 2387 819 2462 eopia
838 2383 1015 2442 confessarii.
1057 2384 1091 2440 Si
1113 2385 1185 2441 abrit
1206 2383 1317 2442 confes·

228 2481 329 2546 sarius,
344 2482 394 2537 sed
405 2484 474 2539 adiri
488 2485 579 2558 possit
592 2485 698 2554 absque
711 2486 790 2559 gravi
804 2482 998 2547 incommodo,
1013 2483 1098 2557 copia
1110 2483 1173 2558 ejus
1186 2490 1318 2540 censetur

228 2579 341 2638 haberi:
364 2579 415 2637 sed
434 2599 472 2638 ex
498 2580 638 2658 adjunctis
664 2599 760 2640 rerum
783 2591 812 2638 et
833 2597 1019 2657 personarum
1042 2577 1253 2657 dijudicandum
1275 2589 1318 2640 est

230 2677 409 2751 quandonam
422 2698 508 2758 grave
522 2679 595 2738 soret
608 2679 832 2738 incommodum.

266 2781 316 2836 49.
338 2779 396 2845 Qui
409 2789 555 2857 peccatum
566 2787 742 2838 reservatum
754 2779 876 2848 admisit,
887 2780 956 2853 quin
964 2781 1032 2839 alias
1043 2782 1201 2858 peccaverit
1208 2781 1316 2842 lethali-

228 2889 279 2944 ter,
293 2897 350 2936 non
370 2875 457 2937 habet
481 2880 593 2954 copiam
619 2879 794 2947 confessarii,
818 2879 920 2937 sinon
940 2878 1013 2937 adsit
1035 2881 1084 2952 qui
1104 2881 1196 2957 possit
1217 2882 1315 2941 tollere

227 2978 465 3036 reservationem:
481 2977 595 3051 quodsi
609 2977 706 3037 credat
725 2997 756 3036 se
772 2977 943 3036 attritionem
964 2985 1070 3034 tantum
1091 2978 1205 3045 habere,
1220 2979 1316 3052 plures

227 3085 345 3134 censent
356 3094 422 3136 eum
444 3077 548 3136 debere
562 3076 697 3136 accedere
710 3077 746 3136 ed
766 3074 953 3143 sacerdotem,
966 3083 999 3133 ut
1009 3085 1126 3151 peccata
1139 3075 1260 3132 venialia
1273 3077 1318 3132 vel
1414 3071 1417 3080 '

230 3176 369 3250 preterita
382 3177 510 3235 mortalia
531 3175 683 3245 confitens,
704 3177 822 3254 gratiam
838 3173 1022 3233 absolutionis
1044 3182 1228 3248 assequatur3
1252 3191 1318 3251 pec·

229 3281 292 3330 cato
312 3286 452 3334 reservato
473 3273 610 3333 indirecte
624 3277 754 3343 remisso,
776 3275 817 3333 uti
843 3276 1004 3350 opinantur.
1046 3272 1079 3331 si
1105 3275 1168 3334 aliis
1192 3275 1317 3351 peccatis

229 3370 380 3432 lethalibus
393 3393 425 3432 se
438 3375 548 3432 noverit
560 3375 708 3452 irretitum,
723 3393 788 3432 eum
810 3375 898 3431 teneri
912 3374 1030 3434 omnino
1050 3371 1085 3429 ad
1105 3373 1318 3432 consessionem

230 3475 369 3532 sententia
382 3474 558 3550 probabilior
570 3483 597 3530 et
610 3472 857 3539 communissima,
872 3482 943 3530 teste
957 3479 986 3529 et
993 3470 1092 3549 judice
1107 3472 1139 3530 S.
1154 3472 1316 3548 Alphonso,

230 3570 359 3642 affirmat,
375 3575 441 3646 quia
455 3582 599 3650 praecepto
620 3571 718 3632 divino
732 3571 886 3631 confitendi
899 3581 963 3631 ante
977 3572 1209 3631 communionem
1224 3572 1317 3639 debet,

231 3671 325 3743 quoad
340 3674 441 3748 possit,
456 3671 631 3730 satisfacere.
666 3673 770 3731 Utrum
785 3679 911 3730 teneatur
924 3673 1019 3748 ipsum
1033 3682 1180 3746 peccatum
1194 3691 1320 3731 reserva·

230 3779 290 3826 tum
317 3778 382 3827 tuuc
408 3771 537 3829 confiteri
565 3771 747 3847 disceptatur,
768 3771 882 3847 paribus
908 3771 1039 3842 utrinque
1065 3773 1239 3830 rationibus:
1268 3770 1320 3828 sed

231 3865 352 3924 dubitari
365 3869 414 3926 vix
427 3870 530 3945 poterit
542 3888 608 3929 eum
620 3870 718 3938 teneri,
734 3872 971 3943 quandocumque
984 3871 1189 3929 consuetudine
1203 3876 1320 3947 peccata

232 3973 376 4022 reservata
388 3965 553 4027 admittendi
567 3968 698 4037 irretitur,
713 3970 758 4026 vel
779 3969 848 4026 alias
869 3969 1112 4041 quaudononniri
1131 3977 1249 4044 peceato
1269 3963 1320 4021 illo

233 4063 453 4133 manifestando,
467 4067 547 4126 nosci
560 4067 654 4145 possit
666 4077 760 4126 utrum
779 4069 818 4125 sit
837 4065 954 4125 idoneus
975 4064 1156 4124 absolutioni.
1199 4063 1231 4121 Si
1253 4063 1319 4137 quis

231 4160 335 4241 ligetur
347 4167 643 4227 excommunicatione
655 4176 806 4234 reservata,
821 4183 884 4240 qua
906 4175 1001 4223 umen
1014 4164 1127 4240 publice
1143 4160 1220 4220 haud
1239 4162 1320 4220 inno·

266 4329 309 4394 (l)
328 4328 428 4380 Miseria
439 4330 588 4384 Romanum.

266 4412 310 4478 (2)
326 4414 428 4466 xxxviii.
439 4421 465 4465 et
475 4417 561 4468 xxxix.
573 4419 636 4469 inter
646 4416 822 4482 propositiones
833 4416 863 4468 ab
874 4410 1014 4466 Alexandro
1025 4411 1242 4466 wesmannus.

269 4497 313 4566 (s)
332 4497 359 4547 s.
370 4499 445 4566 arpa
456 4500 514 4551 ive
526 4517 551 4552 u
562 4505 620 4555 aso.
