3144 5192
482 506 684 568 CANONES
704 503 1014 565 POENITENTIAE.
1235 510 1292 566 251

246 674 333 743 Item,
348 673 450 734 mulier
462 683 573 752 parturn
596 693 681 734 suum
702 670 825 750 perdens
845 672 1001 732 voluntarie
1024 682 1089 731 ante
1111 672 1297 750 quadraginta
1324 661 1328 665 ⁶

206 775 278 842 dies,
301 775 441 851 poenitens
464 777 517 833 erit
535 793 642 834 aunum
655 791 763 840 unum;
785 773 811 830 si
832 780 898 849 post
920 770 1106 849 quadraginta
1118 771 1190 840 dies,
1205 791 1295 832 annos

207 883 282 941 tres;
296 875 321 934 si
336 890 402 932 vero
416 856 569 950 postquam
583 873 677 932 editus
691 880 735 931 est
747 873 777 930 in
790 871 894 939 lucem,
909 880 1042 945 tanquam
1057 871 1212 930 homicida.

246 972 329 1041 Quae,
343 971 459 1033 sceleris
472 973 634 1033 occultandi
646 991 741 1041 causa,
763 971 855 1030 tilium
876 971 993 1038 necarit,
1016 971 1210 1047 poeniteutiam
1233 980 1298 1049 aget

208 1091 297 1130 annos
317 1073 427 1132 decem.

246 1172 304 1239 Qui
317 1172 417 1232 nolens
439 1171 530 1231 filium
553 1169 738 1248 oppresserit,
758 1170 783 1228 si
808 1178 874 1245 post
894 1169 1080 1246 baptismum,
1100 1170 1298 1247 poenitentiam

206 1280 271 1349 aget
282 1269 343 1328 dies
357 1269 543 1347 quadraginta
559 1273 676 1346 inpane
696 1279 726 1328 et
744 1287 826 1342 aqua,
843 1268 967 1327 oleribus
981 1277 1010 1326 et
1024 1268 1230 1344 leguminibus3
1252 1269 1298 1326 ab·

208 1370 322 1429 stinebit
344 1370 379 1429 ab
397 1387 487 1429 uxore
500 1368 563 1429 dies
577 1367 712 1436 totideni3
733 1366 835 1425 deinde
848 1367 988 1443 poenitens
1002 1367 1055 1424 erit
1073 1376 1129 1424 tres
1143 1386 1232 1426 annos
1247 1387 1299 1444 per

205 1468 347 1546 legitimas
361 1468 457 1527 ferias.
499 1469 532 1527 Si
546 1479 611 1528 ante
630 1468 816 1544 baptismum,
832 1463 1015 1544 quadraginta
1028 1465 1100 1534 dies,
1114 1475 1252 1545 utsupra,
1267 1476 1296 1526 et

209 1568 397 1642 quinquennii
409 1577 546 1644 praeterea
559 1567 754 1646 peanitentiam
768 1566 904 1642 explebit.
1098 1575 1100 1581 '

249 1665 344 1743 Cujus
357 1666 492 1745 parvulus
503 1669 565 1725 sine
576 1667 717 1744 baptismo
726 1683 778 1742 per
788 1664 990 1742 negligentiam
1000 1665 1128 1733 moritur,
1139 1673 1196 1722 tres
1210 1683 1300 1723 annos

209 1767 355 1843 poeniteat,
369 1767 501 1826 nnumin
516 1785 588 1844 pane
603 1778 631 1824 et
644 1784 730 1838 aqua.

249 1864 343 1942 Cujus
356 1865 490 1943 parvulus
504 1866 567 1924 sine
581 1863 816 1924 Confirmationis
826 1871 1002 1921 sacramento
1016 1862 1144 1930 moritur,
1156 1873 1299 1938 parentes,

209 1983 328 2037 quorum
344 1965 515 2043 negligentia
528 1963 556 2023 id
570 1965 675 2024 factum
690 1972 743 2031 est,
757 1962 951 2040 penitentiam
966 1970 1052 2040 agent
1064 1979 1155 2021 annos
1170 1971 1235 2022 tres.

250 2065 282 2122 Si
296 2065 371 2138 quis,
385 2064 535 2142 explendae
548 2083 634 2123 causa
646 2062 783 2129 libidinis,
805 2062 850 2119 vel
870 2061 929 2119 odii
943 2060 1137 2129 meditatione,
1150 2072 1250 2121 utnon
1264 2079 1302 2120 ex

212 2181 246 2220 eo
270 2163 383 2222 soboles
408 2174 549 2233 nascatur,
577 2163 688 2222 homini
714 2172 762 2222 aut
787 2162 899 2221 mulieri
923 2161 1030 2240 aliquid
1056 2162 1165 2231 fecerit,
1193 2162 1238 2220 vel
1265 2162 1300 2220 ad

212 2262 367 2337 potandum
381 2262 498 2332 dederit,
519 2271 621 2321 utnon
634 2263 726 2338 possit
746 2280 892 2339 generare,
915 2271 962 2320 aut
981 2263 1144 2340 concipere,
1158 2261 1304 2321 homicida

214 2369 350 2419 teneatur.

253 2459 310 2528 Qui
323 2478 441 2519 uxorem
462 2460 606 2530 occiderit,
630 2468 677 2519 aut
699 2460 904 2522 monasterium
924 2458 1096 2536 ingrediatur
1109 2460 1303 2536 poenitentiam

213 2568 380 2637 perpetuam
395 2569 517 2629 actums,
533 2569 580 2619 aut
592 2571 692 2619 cuncta
705 2561 820 2638 negotia
833 2559 978 2617 saecularia
992 2559 1148 2626 dimittens,
1163 2566 1303 2636 perpetuo

213 2659 353 2718 abstineat
372 2679 389 2717 a
409 2677 504 2727 carne,
527 2660 679 2736 sagimine,
699 2660 777 2727 vino,
799 2658 924 2728 melone,
947 2660 1073 2727 mellina,
1094 2659 1241 2726 cerevisia,
1256 2676 1304 2716 ex·

213 2760 302 2836 ceptis
329 2758 427 2818 diebus
453 2759 668 2818 resurrectionis
694 2769 723 2816 et
748 2758 908 2817 nativitatis
933 2757 1072 2826 Domini;
1098 2777 1219 2817 uxorem
1246 2776 1304 2816 non

155 2854 159 2858 ’
212 2856 307 2925 ducat,
322 2868 378 2916 etc.
392 2859 422 2918 in
436 2858 493 2916 tine
507 2867 616 2918 tanturn
629 2859 694 2917 vitae
709 2858 921 2917 Eucharistiam
935 2860 1065 2937 accipiet.

253 2957 286 3014 Si
301 2957 405 3015 mulier
417 2959 548 3017 maritum
563 2976 657 3026 sunm,
671 2977 756 3016 eausa
769 2957 971 3025 fornicationis,
992 2963 1105 3016 veneno
1119 2957 1305 3022 interfecerit,

214 3064 262 3112 aut
274 3073 453 3129 quacumque
467 3067 526 3115 arte
539 3057 680 3134 perimere
693 3056 769 3126 sacit,
784 3056 921 3114 saeculum
934 3056 1084 3130 relinquat,
1099 3063 1127 3112 et
1147 3055 1177 3112 in
1191 3073 1307 3114 monas·

215 3157 285 3213 terio
299 3155 443 3232 poeniteat

255 3255 313 3321 Qui
327 3265 447 3313 mortem
460 3255 514 3313 sibi
527 3255 707 3324 consciverit,
723 3229 774 3334 pro
788 3273 822 3313 eo
836 3255 930 3312 nulla
923 3274 952 3313 rn
966 3255 1061 3312 Missa
1074 3253 1307 3312 commemoratio

215 3353 273 3422 fiat,
288 3371 382 3428 neque
396 3371 461 3412 cum
476 3353 600 3414 Psalmis
614 3354 771 3414 cadaver'
747 3373 809 3431 ejus
823 3354 985 3430 sepeliatur

255 3453 372 3528 Siquis
394 3463 496 3532 sponte
520 3454 666 3514 hominem
687 3452 832 3520 occiderit,
854 3453 888 3511 ad
905 3455 1023 3531 januam
1038 3451 1180 3510 Ecclesia
1194 3469 1309 3526 semper

215 3554 276 3622 erit,
298 3564 327 3613 et
349 3555 379 3614 in
402 3555 481 3614 obitu
501 3555 735 3614 communionem
748 3553 885 3630 recipict;
907 3553 932 3611 si
954 3571 1022 3611 casu
1038 3552 1155 3619 necarit,
1171 3552 1308 3627 poeniten·

216 3653 281 3712 tiam
295 3663 361 3733 aget
373 3672 462 3714 annos
476 3663 600 3733 septem.

255 3753 288 3810 Si
301 3756 366 3826 quis
379 3755 527 3814 hominem
540 3771 644 3812 necare
658 3751 789 3820 voluerit,
811 3769 905 3824 neque
926 3751 982 3810 hoc
995 3751 1087 3810 scelus
1102 3760 1213 3829 patrare
1227 3759 1309 3827 potu·

217 3851 279 3917 erit,
294 3860 325 3908 ut
336 3851 492 3922 homicida,
503 3852 671 3930 poenitentia
683 3850 832 3910 afficietur.

257 3948 290 4006 si
304 3950 367 4022 quis
380 3953 516 4026 perirem
530 3952 662 4020 subitam,
684 3959 732 4010 aut
753 3969 805 4028 per
816 3951 909 4009 rixam
922 3913 1069 4008 hominem
1084 3947 1236 4012 necaverit,
1252 3964 1310 4022 poe·

218 4047 365 4107 nitentiam
379 4059 444 4126 aget
456 4068 546 4110 annos
559 4058 625 4119 tres,

257 4148 291 4207 Si
311 4147 387 4221 quis,
403 4149 489 4226 jussu
508 4149 628 4218 domini,
652 4147 839 4208 homicidium
853 4147 1028 4225 perpetrarit,
1049 4143 1111 4202 dies
1125 4112 1311 4220 quadraginta

217 4247 247 4306 in
260 4265 333 4325 pane
346 4256 376 4307 et
394 4265 478 4322 aqua,
501 4257 530 4308 et
550 4258 669 4326 pratera
688 4256 798 4326 septem
818 4265 908 4306 anuos
928 4253 1082 4318 sequentes
1105 4261 1156 4320 per
1168 4241 1310 4319 legitimas

217 4346 300 4407 serias
308 4347 462 4427 jejunabit.

256 4446 315 4516 Qui
328 4447 477 4520 homicidii
491 4456 587 4509 auctor
599 4448 653 4509 run
672 4448 710 4507 ob
732 4445 884 4507 consilium
899 4443 976 4518 quod
999 4442 1090 4516 dedit,
1112 4413 1166 4504 erit
1178 4442 1208 4504 in
1221 4442 1311 4522 pieni·
