3172 5172
267 511 307 568 uo
456 505 513 566 DE
535 502 833 564 SUSCEPTIONE
853 503 1169 568 EUOHARISTIAE.

266 672 385 732 dumet:
407 671 529 746 ideoque
554 689 673 732 necesse
699 689 757 730 non
782 679 827 732 est
849 690 901 748 per
925 671 1045 751 longum
1065 675 1203 751 temporis
1229 677 1354 752 spatium

266 771 405 830 abstinere
432 791 449 830 a
474 771 548 830 cibo.
591 771 765 843 Plerumque
784 769 901 844 quidem
927 790 979 848 per
1003 773 1190 845 quadrantem
1214 775 1356 834 abstinere

265 878 393 948 oportet3
405 872 457 930 sed
470 872 494 928 si
503 879 603 948 urgeat
615 888 701 928 causa
714 888 804 942 aequa,
819 889 846 927 v:
857 888 899 946 gr:
909 871 934 928 si
947 881 1069 948 egrotus
1083 867 1212 949 indigeat
1222 875 1298 943 cibo,
1309 875 1355 932 vel

267 971 292 1029 si
304 970 426 1030 abeundi
440 972 477 1030 sit
486 971 650 1038 necessitas,
665 969 743 1027 nulla
756 969 890 1044 estculpa
904 969 1009 1043 aliquid
1019 970 1180 1030 comedere.
1224 972 1355 1049 Tempus

267 1082 361 1128 autem
384 1069 497 1144 aliquod
514 1069 665 1146 gratiarum
686 1069 799 1135 actioni,
821 1068 1006 1138 meditationi,
1030 1070 1219 1146 precibusque
1243 1072 1356 1147 impen-

266 1168 332 1230 dere
346 1177 466 1245 oportet,
480 1176 511 1224 ut
524 1167 630 1227 fructus
644 1166 855 1226 communionis
877 1168 1045 1236 retineatur3
1067 1167 1117 1226 sed
1131 1178 1161 1226 et
1183 1171 1288 1247 sepius
1302 1189 1355 1246 per

266 1266 341 1326 diem
356 1268 475 1344 gratiam
489 1267 571 1325 nobis
585 1265 678 1324 datam
692 1266 722 1324 in
735 1275 860 1323 mentem
873 1259 1033 1325 revocare.¹

306 1369 355 1424 69.
377 1365 545 1441 Praecipuus
559 1364 750 1422 Eucharistiae
764 1363 881 1422 effectus
895 1377 938 1424 est
950 1366 1050 1424 anime
1064 1366 1353 1439 nutrimentumque

266 1464 377 1522 scilicet
389 1465 484 1540 gratie
507 1463 662 1541 majoribus
682 1463 766 1520 donis
788 1463 900 1539 proficit
918 1472 947 1521 et
965 1465 1120 1532 roboratur,
1134 1475 1166 1523 ut
1185 1483 1273 1541 opera
1291 1467 1354 1524 vite

267 1561 371 1622 elicere
392 1571 485 1634 queat,
505 1573 535 1620 ct
556 1561 676 1620 salutem
702 1562 838 1638 adipisci:
860 1561 968 1622 “Caro
988 1562 1072 1622 mea'’
1096 1564 1190 1636 iuquit
1211 1563 1355 1631 Christus,

267 1668 287 1696 “
299 1679 364 1720 vere
377 1669 421 1720 est
432 1662 523 1728 cibus,
538 1669 566 1719 ct
579 1661 696 1737 sanguis
717 1679 799 1718 meus
814 1679 878 1718 vere
892 1672 936 1720 est
948 1657 1084 1738 potus.”²
1125 1670 1144 1698 ‘⁴
1157 1663 1238 1722 Sumi
1260 1672 1353 1722 autem

266 1761 356 1820 voluit
369 1769 574 1818 sacramentum
587 1758 644 1818 hoc
658 1769 802 1831 tamquam
817 1761 993 1835 spiritualem
1008 1761 1166 1820 animarum
1179 1762 1285 1829 cibum,
1297 1781 1355 1835 quo

267 1860 376 1919 alantur
388 1868 416 1916 et
429 1858 621 1917 confortentur
634 1859 761 1922 viventes
777 1859 833 1916 vita
845 1859 922 1918 illius
936 1860 986 1933 qui
1000 1858 1088 1917 dixit:
1111 1868 1130 1895 ‘⁵
1140 1861 1191 1933 qui
1204 1859 1356 1919 manducat

266 1976 312 2016 me
326 1966 354 2016 et
366 1959 429 2036 ipse
443 1959 517 2016 vivet
530 1965 645 2033 propter
658 1975 704 2014 me
716 1956 735 2014 :’
756 1967 786 2015 ct
798 1967 942 2031 tamquam
956 1956 1113 2016 antidotum
1130 1977 1188 2032 quo
1201 1958 1356 2018 liberemur

265 2057 386 2133 sculpis
406 2055 587 2128 quotidianis,
602 2064 660 2114 eta
678 2058 802 2131 peccatis
820 2057 985 2116 mortalibus
1005 2052 1261 2133 ριιιιεει·νιιιιιιιι.”3
1302 2057 1355 2117 111ιι

264 2155 394 2214 liberatio
414 2154 553 2232 contingit
572 2156 608 2212 iis
626 2154 675 2227 qui
694 2173 732 2212 err
752 2157 848 2214 animo
868 2155 976 2215 defient
987 2156 1086 2232 culpas
1100 2156 1163 2214 illas
1181 2156 1313 2224 leviores,
1327 2167 1356 2214 et

264 2253 392 2312 divinum
415 2252 553 2312 auxilium
579 2253 740 2330 implorant,
761 2255 859 2327 quiet
885 2256 973 2330 gratia
992 2255 1157 2314 muniuntur
1176 2255 1354 2328 quaeritent

264 2352 402 2420 mortalia,
416 2352 442 2410 si
456 2350 572 2410 Christo
586 2353 662 2410 intus
675 2350 811 2412 habitanti
829 2353 1033 2430 obtemperent.
1076 2355 1274 2414 “Ambrosius
1288 2354 1355 2413 dicit

264 2453 294 2510 in
306 2452 379 2511 libro
392 2451 427 2509 de
438 2452 633 2519 sacramentis,
643 2451 721 2524 quod
734 2452 787 2511 iste
801 2453 884 2528 panis
898 2452 1077 2526 quotidianus
1091 2453 1210 2512 sumitur
1223 2453 1252 2510 in
1265 2471 1354 2510 reme-

264 2550 343 2610 dium
369 2550 542 2623 quotidiauae
569 2550 749 2608 infirmitatis.
796 2551 856 2609 Res
883 2561 976 2611 autern
1003 2552 1088 2627 hujus
1115 2551 1284 2612 sacramenti
1310 2561 1354 2608 est

264 2649 395 2716 charitas,
411 2667 468 2706 non
489 2649 583 2708 solum
609 2656 745 2720 quantum
769 2649 804 2706 ad
824 2650 960 2716 habitum,
983 2648 1032 2708 sed
1054 2649 1138 2707 etiam
1159 2658 1295 2721 quantum
1316 2649 1351 2706 ad

264 2754 368 2814 actum,
382 2747 431 2820 qui
452 2748 591 2804 excitatur
603 2746 633 2805 in
646 2745 701 2804 hoc
719 2758 906 2817 sacramento,
925 2767 977 2826 per
994 2765 1078 2821 quem
1093 2757 1209 2824 peccata
1230 2747 1354 2807 venialia

264 2844 419 2901 solvuntur.
462 2844 548 2902 Unde
574 2845 756 2903 manifestum
779 2855 831 2913 est,
847 2847 924 2919 quod
950 2848 1050 2906 virtute
1073 2846 1161 2924 hujus
1184 2848 1353 2905 sacramenti

263 2943 442 3002 remittuntur
467 2953 582 3020 peccata
601 2942 770 3002 venialia.”⁴
810 2946 907 3004 Poenae
928 2965 1044 3020 quoque
1065 2946 1199 3006 remissio
1220 2944 1350 3018 quaedarn

264 3043 310 3118 pie
320 3043 541 3119 suscipientibus
557 3042 767 3102 Eucharistiam
782 3044 955 3103 conceditur.
991 3054 1011 3081 “
1021 3045 1070 3104 Ex
1083 3046 1111 3103 vi
1124 3043 1240 3118 quIdem
1258 3062 1350 3102 sacra-

266 3143 354 3200 menti
367 3142 471 3204 directe
484 3142 569 3200 habet
579 3143 659 3200 illum
670 3142 801 3202 effectum
817 3143 852 3200 ad
866 3162 953 3216 quern
968 3154 1013 3201 est
1026 3144 1193 3202 institutum.
1226 3142 1255 3200 N
1258 3161 1296 3200 on
1309 3151 1352 3198 est

265 3253 357 3296 autern
376 3239 535 3297 institutum
549 3239 582 3296 ed
599 3241 842 3310 satisfaciendum,
857 3243 908 3300 sed
922 3243 957 3300 ad
970 3243 1154 3320 spiritualiter
1170 3241 1350 3300 nutriendum

263 3355 314 3414 per
326 3338 462 3396 unionem
476 3338 510 3395 ad
525 3337 683 3407 Christum,
697 3350 726 3397 et
739 3341 774 3407 ad
787 3342 914 3401 membra
927 3343 1008 3420 ejus:
1024 3343 1098 3400 sicut
1110 3343 1350 3400 etnutrimentum

262 3429 357 3496 unitur
382 3437 497 3496 nutrito.
525 3436 584 3495 Sed
606 3439 673 3510 quia
693 3439 754 3496 haec
773 3442 866 3498 unitas
886 3441 918 3497 fit
939 3460 992 3517 per
1012 3441 1189 3505 charitatem,
1210 3457 1247 3495 ex
1268 3441 1350 3514 cujus

260 3535 370 3591 fervore
384 3535 487 3606 aliquis
501 3537 687 3607 consequitur
700 3539 898 3596 remissionem
912 3525 1075 3596 non'solum
1089 3537 1189 3612 culpae,
1199 3534 1250 3591 sed
1264 3536 1350 3593 etiam

260 3647 368 3706 poentc:
384 3631 450 3689 inde
464 3631 596 3704 estquod
611 3651 648 3689 ex
668 3637 853 3706 consequenti
867 3654 918 3711 per
937 3636 1078 3708 quandam
1097 3634 1348 3692 concomitantiam

260 3728 295 3787 ad
309 3728 497 3805 principalem
512 3729 645 3790 effectum
659 3730 747 3790 homo
755 3735 938 3807 consequitur
950 3733 1150 3792 remissionem
1164 3750 1256 3808 poenae
1268 3753 1274 3790 ι
1291 3751 1350 3791 nou

261 3827 376 3902 quidem
391 3828 485 3897 totius,
500 3813 725 3889 sed'secundum
739 3832 854 3891 modum
869 3852 926 3890 suae
949 3831 1111 3892 devotionis
1132 3841 1161 3890 et
1179 3824 1350 3892 fervoris.”⁵

262 3928 321 3987 Sed
334 3938 361 3988 et
371 3917 479 4006 peccati
493 3928 620 3987 mortalis
634 3933 817 4003 consequitur
830 3932 982 4006 aliquando
994 3932 1023 3991 in
1037 3941 1215 3991 sacramento
1226 3934 1349 3996 veniam,

261 4030 310 4102 qui
324 4031 428 4103 absque
442 4030 618 4088 conscicntia
630 4039 658 4086 et
677 4029 777 4089 affectu
792 4032 867 4090 illius
889 4031 1013 4091 accedit:
1030 4041 1050 4069 “
1061 4032 1132 4092 forte
1156 4033 1232 4090 enim
1256 4034 1349 4109 primo

296 4186 338 4250 (1)
357 4185 420 4234 Vide
432 4185 458 4233 S.
470 4184 550 4235 Garol.
562 4184 624 4234 Acta
632 4200 682 4250 par.
693 4186 725 4236 iv.
736 4186 762 4236 in
773 4186 882 4239 instruct.
894 4187 975 4238 Euch.

296 4271 340 4335 (2)
359 4269 430 4318 Joan.
441 4269 473 4318 vi.
486 4272 526 4320 56.
863 4276 906 4338 (3)
925 4272 1003 4322 Oonc.
1015 4273 1083 4323 Trid.
1095 4273 1160 4322 Sese.
1171 4271 1223 4320 xiii.
1236 4286 1256 4318 c.
1268 4269 1294 4317 ii.

297 4354 339 4418 (4)
359 4353 384 4404 S.
398 4354 488 4404 Thom.
506 4355 540 4405 iii.
550 4371 575 4420 ρ.
586 4372 627 4420 ιρι.
636 4356 714 4406 lxxix.
725 4364 768 4406 art.
779 4356 811 4406 iv.
847 4357 924 4424 Resp.

297 4438 339 4503 (5)
358 4436 457 4497 Ibidem,
469 4446 512 4489 art.
522 4456 546 4488 v.
582 4441 657 4508 Resp.
861 4444 903 4510 (6)
922 4443 1022 4504 ibidem,
1033 4448 1076 4494 art·
1088 4441 1122 4491 111.
1156 4440 1231 4508 Rep.
