3144 5192
567 559 624 618 DE
645 559 955 619 ABSOLUTIONE.
1252 567 1311 622 209

220 743 312 784 causae
327 726 451 804 cognitio
465 727 610 784 sententiae
624 726 768 802 precedit,
783 725 892 786 dierum
906 743 1124 798 nonnumquam
1138 727 1305 787 intervallo:

220 835 249 883 et
274 826 388 903 inipso
408 826 579 903 poenitentiae
606 826 738 885 tribunali
760 844 837 903 saepe
864 827 1014 885 confitetur
1036 825 1143 902 pluries
1166 828 1308 904 poenitens

220 932 371 998 antequam
385 925 560 984 absolutione
583 924 722 985 donetur:
745 918 924 1002 sed'oportet
937 935 968 984 ut
981 925 1086 1003 judicii
1100 927 1173 984 sacri
1194 929 1309 985 materia

220 1034 283 1082 actu
297 1027 463 1104 subjiciatur
475 1025 601 1084 clavibus
623 1025 773 1092 Ecclesiae,
789 1035 819 1083 ut
832 1027 874 1083 sic
887 1026 980 1085 forma
1005 1043 1071 1082 cum
1091 1026 1199 1084 actibus
1220 1029 1309 1103 poeni·

219 1124 302 1182 tentis
317 1127 365 1197 qui
386 1126 473 1192 dolet,
488 1132 516 1182 et
533 1125 693 1193 confitetur,
707 1135 736 1182 et
755 1125 915 1182 satisfacere
933 1124 1081 1203 promittit,
1100 1125 1306 1203 conjungatur:

218 1224 319 1281 arctior
332 1227 419 1294 enim,
435 1224 475 1283 uti
496 1235 593 1284 monet
606 1225 637 1281 S.
660 1225 838 1300 Alphonsus,
853 1223 937 1282 debet
956 1241 1020 1282 esse
1040 1241 1132 1282 nexus
1154 1225 1227 1282 inter
1246 1243 1309 1284 sene

219 1323 337 1381 tentiam
351 1334 379 1382 et
391 1342 484 1382 causae
502 1324 695 1401 cognitionem
709 1325 739 1382 in
752 1341 834 1380 sacro
848 1323 904 1381 hoc
913 1324 1036 1400 judicio.
1068 1320 1213 1380 Caeterum
1226 1323 1307 1382 facile

218 1423 367 1498 contingit,
381 1433 412 1481 ut
421 1422 607 1481 obliviscatur
620 1422 753 1480 sacerdos
765 1431 957 1498 peccatorum,
970 1440 1032 1496 quae
1042 1430 1104 1478 ante
1114 1421 1307 1481 hebdomadas

218 1520 339 1592 aliquas,
359 1523 405 1580 vel
428 1540 552 1590 menses,
574 1524 715 1598 poenitens
737 1520 908 1589 declaravit3
936 1529 1108 1596 quapropter
1130 1521 1307 1580 consuetudo

218 1619 280 1677 brec
294 1620 478 1695 protrahendi
488 1620 589 1698 judicii
600 1639 657 1678 non
669 1621 803 1678 omnibus
817 1621 959 1696 probatur.
1003 1619 1034 1677 Si
1048 1621 1211 1679 recordetur
1221 1630 1307 1680 status

219 1717 392 1795 poenitentis,
403 1720 532 1793 quamvis
547 1719 725 1796 singulorum
746 1738 809 1791 quae
828 1720 971 1796 exposuit,
983 1739 1042 1777 non
1055 1719 1156 1777 habeat
1169 1721 1307 1787 notitiam,

216 1835 319 1876 omnes
329 1817 409 1876 facile
423 1817 584 1877 concedunt
596 1837 662 1878 eum
676 1818 886 1889 absolutionem
901 1819 966 1876 dare
980 1837 1084 1895 posse:
1100 1821 1173 1877 sicut
1186 1821 1306 1877 etiamsi

215 1916 380 1976 recordetur
405 1928 587 1995 peccatorum
610 1917 644 1977 in
671 1916 807 1999 confuso,
830 1917 870 1975 uti
896 1920 984 1986 aiunt,
1012 1919 1172 1996 generalem
1198 1919 1306 1976 habens
1355 1970 1366 1994 N

215 2034 313 2076 eorum
336 2019 474 2076 notitiam.
517 2018 550 2075 Si
564 2019 738 2094 poenitentiae
764 2017 939 2086 recordetur,
958 2018 1003 2076 vel
1025 2037 1041 2074 a
1064 2019 1217 2093 poenitente
1243 2019 1307 2096 ejus

216 2117 344 2176 notitiam
358 2118 502 2193 expiscari
515 2118 616 2194 possit,
631 2117 684 2175 hac
699 2110 808 2176 ratione
823 2136 888 2176 eum
904 2136 991 2194 posse
1008 2117 1197 2176 sufficientem
1213 2136 1305 2175 causoe

215 2216 409 2292 cognitionem
432 2226 498 2275 tunc
517 2216 621 2276 habere
647 2217 777 2294 plerique
802 2227 930 2285 censent,
946 2237 1034 2290 quum
1058 2217 1177 2293 singulis
1198 2218 1306 2276 vicibus

218 2315 429 2386 quodammodo
446 2315 628 2393 judicaverit,
644 2324 671 2373 et
690 2317 813 2374 remisso
828 2318 982 2392 poenitente
996 2316 1030 2373 ad
1045 2315 1073 2372 id
1089 2317 1225 2392 temporis
1239 2335 1305 2374 cum
1383 2373 1384 2378 ,

216 2414 404 2473 absolutionis
432 2432 495 2491 spe,
524 2414 633 2474 dederit
659 2414 753 2474 locum
783 2415 894 2493 judicio
920 2413 1105 2492 perficiendo.
1161 2413 1306 2473 Caeterum

215 2516 320 2590 saepius
348 2514 485 2592 contingit
504 2533 540 2572 ne
567 2514 683 2589 quidem
705 2503 878 2591 penitentie
899 2514 1038 2590 impositae
1060 2514 1186 2572 notitiam
1208 2513 1307 2571 haberi

215 2612 356 2672 ullatenus
377 2633 482 2692 posse:
504 2633 561 2687 quo
583 2634 676 2674 rernm
698 2625 812 2683 eventu,
828 2622 897 2692 pulo
920 2622 1051 2692 oportere
1073 2622 1104 2670 ut
1124 2614 1161 2670 in«
1176 2615 1306 2691 graviora

214 2724 328 2788 peccata
348 2714 382 2771 ab
394 2716 494 2773 ultima
507 2714 712 2773 communione
727 2713 851 2772 admissa
865 2715 987 2787 inquirat
999 2713 1033 2772 ad
1045 2712 1230 2771 refricandam
1245 2733 1304 2772 mc·

214 2814 343 2880 moriam,
372 2816 501 2886 quamvis
524 2832 597 2872 onus
624 2814 824 2891 gravissimum
851 2813 1041 2872 confessionis
1067 2813 1229 2890 repetendae
1255 2814 1305 2871 vix

213 2929 339 2983 unquam
348 2912 554 2988 imponendum
564 2914 610 2970 sit.
646 2922 665 2949 ‘⁶
677 2912 852 2982 Sacerdos‚”
866 2915 956 2986 inquit
965 2914 997 2970 S.
1008 2912 1188 2988 Alphonsus,
1206 2922 1224 2948 ‘⁴
1235 2913 1304 2972 dum

215 3011 385 3067 sententiam
406 3011 523 3088 profert,
537 3011 619 3070 debet
639 3013 789 3070 efformare
807 3013 961 3091 judicium,
976 3012 1076 3068 saltem
1091 3012 1126 3069 de
1147 3020 1218 3069 statu
1239 3031 1304 3069 con·

214 3109 341 3167 scientiae
356 3106 568 3185 penitentiam
1242 3124 1244 3128 ’

257 3211 323 3266 184.
346 3206 549 3269 Confessarius
559 3229 617 3268 non
631 3211 784 3270 teneturde
799 3212 919 3288 singulis
934 3208 1171 3288 peccatiscertum
1182 3209 1304 3266 formare

210 3308 362 3384 judicium,
374 3309 423 3368 sed
438 3319 544 3368 tantum
567 3310 602 3368 de
616 3311 707 3369 obviis
722 3320 749 3369 et
768 3304 901 3369 claris.”²
940 3307 1084 3382 Equidem
1103 3307 1226 3366 studium
1241 3309 1302 3386 ejus

214 3407 298 3466 ineo
320 3410 462 3486 praecipue
486 3399 650 3485 ponendum
672 3419 724 3478 est,
740 3420 771 3468 ut
786 3409 897 3487 judicet
918 3418 1012 3466 utrum
1037 3411 1303 3485 peccatorem'vere

213 3513 357 3582 poeniteat,
372 3521 399 3567 et
413 3527 475 3582 quae
490 3510 516 3567 ei
531 3509 705 3588 injungenda
719 3511 785 3577 sint,
800 3511 829 3568 in
845 3509 1034 3567 admissorum
1055 3508 1261 3583 expiationem,
1275 3517 1303 3566 et

213 3609 314 3666 animae
328 3609 497 3670 remedium.
532 3609 578 3669 De
592 3608 736 3688 plerisque
750 3609 961 3668 difficultatibus
976 3607 1070 3681 aliqua
1083 3607 1223 3666 dicemus.

496 3843 521 3916 §.
543 3842 583 3901 ΙΙ.
626 3843 674 3900 Dn
696 3862 858 3904 occasions
879 3859 1022 3901 recensa·

254 4011 322 4065 185.
351 3989 497 4085 Imprimis
517 4010 668 4072 dicendum
689 4021 732 4070 est
755 4011 789 4069 de
811 4011 1007 4088 peccatoribus
1030 4009 1076 4081 qui
1099 4011 1128 4066 in
1152 4007 1303 4064 occasione
1403 4029 1406 4036 Δ

212 4109 343 4186 proxima
364 4109 500 4183 peccandi
520 4121 674 4169 versantur.
720 4109 844 4170 Occasio
859 4109 977 4186 peccati
997 4109 1098 4166 dicitur
1117 4103 1254 4178 quidquid
1269 4104 1304 4162 ad

211 4217 356 4283 peccatum
378 4207 474 4277 allicit,
489 4209 549 4267 sive
563 4228 599 4269 ex
617 4220 715 4268 natura
735 4228 795 4278 sua,
811 4210 871 4266 sive
885 4210 921 4267 ob
943 4207 1091 4284 cujusdam
1113 4204 1302 4281 fragilitatem.

210 4307 368 4381 Quidquid,
383 4317 508 4385 spectata
521 4312 665 4368 communi
681 4309 831 4368 bominum
846 4307 1004 4384 fragilitate,
1020 4305 1128 4380 peccati
1144 4303 1302 4381 periculum

383 4507 425 4572 (1)
445 4505 474 4555 1..
486 4506 518 4555 vi.
529 4523 554 4556 n.
567 4506 625 4556 502.
870 4504 912 4569 (a)
932 4499 1135 4561 nicomatus.

729 4587 764 4643 19
776 4586 791 4619 ⁵*
