3108 5162
277 495 337 554 278
654 485 796 547 CAPUT
817 485 1002 547 UNIOUM.

276 657 432 718 animarum
445 655 540 714 statim
561 655 730 732 suscipiant,
750 653 856 712 debent
868 654 986 712 scientia
998 671 1124 731 congrua
1137 655 1254 712 instrui.
1291 653 1382 731 Epis·

276 773 366 834 copus
379 763 473 832 potest
485 771 585 814 eorum
601 752 757 832 superioris
771 753 934 814 testimonio
954 753 1053 820 fidere,
1074 769 1182 826 eosque
1196 754 1318 827 absque
1332 772 1381 812 ex·

276 857 371 914 amine
384 853 534 913 ordinare:
556 851 608 914 sed
621 863 651 912 et
662 854 730 912 licet
742 869 793 912 sos
807 853 935 911 examini
951 845 1118 930 subjicere.¹

315 959 366 1014 28.
388 953 478 1014 Nulla
490 961 566 1012 certa
579 961 646 1012 stas
659 951 850 1030 praecribitur
870 969 927 1024 qua
940 961 1057 1011 tonsura
1069 961 1099 1008 et
1110 952 1239 1010 minores
1256 949 1379 1010 ordines

277 1054 483 1132 suscipiantur:
510 1061 680 1129 quapropter
703 1051 734 1110 in
753 1050 917 1128 regionibus
938 1050 1098 1110 Catholicis
1112 1049 1214 1110 dantur
1227 1067 1379 1109 nonnum·

277 1171 363 1229 quam
377 1152 483 1230 pueris,
498 1149 548 1222 qui
561 1149 635 1208 haud
649 1151 688 1208 ita
701 1147 811 1225 pridem
824 1166 862 1208 ex
875 1149 994 1210 infantia
1006 1159 1201 1208 excesserunt.
1246 1148 1376 1208 Subdin-

277 1263 395 1312 conatus
407 1267 463 1308 non
477 1248 559 1308 datur
571 1248 627 1308 nisi
651 1249 686 1306 ιιι
706 1249 756 1320 qni
776 1247 947 1324 vigesimum
960 1248 1130 1317 secundnm,
1151 1247 1329 1308 diaconatus
1341 1247 1378 1306 ιιι

277 1353 326 1424 qui
351 1349 521 1426 vigesimum
542 1349 667 1416 tertium,
690 1347 902 1426 presbyteratus
922 1349 958 1407 iis
978 1348 1028 1421 qui
1041 1348 1211 1424 vigesimum
1231 1348 1375 1422 quintum

277 1465 383 1508 annum
403 1448 553 1526 attigerunt
564 1441 589 1505 ι’
608 1447 659 1507 sed
680 1449 745 1524 ipso
759 1445 840 1505 initio
858 1449 925 1506 anni
938 1456 1032 1524 potest
1046 1445 1117 1506 dari.
1157 1447 1298 1524 Triginta
1309 1445 1375 1504 anni

277 1547 411 1624 completi
417 1548 483 1624 jure
493 1547 641 1606 communi
652 1547 833 1619 requiruntur
843 1545 878 1604 ad
891 1547 1021 1623 episcopi
1034 1564 1149 1605 munus.
1191 1545 1253 1613 Qui
1267 1546 1377 1619 absque

278 1655 357 1706 aetate
377 1645 504 1723 legitima
525 1646 647 1704 scienter
666 1644 821 1712 ordinatur,
835 1645 952 1705 incurrit
964 1637 1186 1722 suspensionem
1199 1656 1372 1723 perpetuam

278 1747 366 1823 Papa
380 1736 577 1804 ιιιιιιιιιιιιι.3

317 1849 369 1904 29.
391 1845 432 1904 Ut
443 1844 526 1904 liceat
539 1845 685 1920 suscipere
700 1841 825 1911 ordines,
836 1843 920 1902 debet
932 1844 997 1916 quis
1010 1845 1150 1912 censuris,
1161 1843 1370 1920 irregularitate

277 1955 307 2004 et
318 1945 381 2004 labe
394 1945 473 2022 gravi
485 1961 550 2003 esse
563 1944 711 2010 immunis,
725 1951 753 2000 et
767 1943 802 2000 ιιι
816 1944 910 2003 ornari
924 1943 1073 2002 virtutibus
1088 1963 1150 2017 que
1162 1961 1246 2020 spem
1262 1942 1372 2002 faciunt

276 2044 428 2103 ministerii
441 2043 547 2102 utiliter
559 2041 722 2102 exercendi.
764 2041 822 2108 Qui
841 2042 870 2100 ιιι
884 2049 957 2104 statu
971 2044 1081 2120 peccati
1094 2043 1235 2120 recipiunt
1247 2042 1368 2101 ordines

276 2143 409 2218 majores,
424 2157 499 2200 noro
512 2150 628 2217 peccato
641 2160 672 2199 ιι
694 2140 889 2220 adstringunt:
911 2142 961 2214 qui
981 2143 1107 2202 minores
1130 2142 1304 2218 suscipiunt,
1319 2156 1370 2218 pro

277 2240 367 2300 animi
380 2240 565 2316 persuasione
575 2239 723 2319 judicandi
736 2249 818 2300 runt:
840 2241 867 2300 ιι
888 2242 964 2300 enirn
984 2259 1035 2300 eos
1056 2241 1178 2300 habeant
1196 2241 1287 2301 veluti
1309 2258 1368 2300 mu·

277 2357 348 2400 nera
367 2339 568 2410 ecclesiastiea,
594 2359 652 2400 uon
672 2341 805 2402 videntur
824 2359 941 2419 peccare
966 2341 1138 2400 mortaliter:
1160 2358 1254 2409 secus,
1282 2342 1310 2400 si
1335 2357 1368 2396 ea

278 2439 392 2500 credam
405 2459 469 2500 esse
484 2452 669 2501 sacramenta.

316 2545 365 2599 3⁰.
388 2540 546 2616 Regulares
569 2540 736 2598 ordinantur
755 2538 835 2598 titulo
857 2539 1040 2616 paupertatis,
1067 2539 1177 2598 scilicet
1198 2537 1275 2612 quod
1301 2545 1364 2596 voto

277 2639 449 2717 paupertatis
476 2639 593 2704 emisso,
617 2639 650 2695 fit
668 2656 734 2714 spes
754 2648 830 2695 certa
849 2639 1061 2698 sustentationis
1089 2656 1127 2696 ex
1153 2636 1362 2699 communitatis

276 2737 369 2796 bonis.
411 2734 570 2792 Saeculares
589 2734 718 2812 indigent
737 2736 828 2804 titulo,
850 2753 900 2792 seu
922 2747 999 2798 certo
1024 2736 1148 2810 quodam
1165 2737 1364 2811 subsidioque

276 2841 477 2899 sustententur,
501 2851 536 2890 ne
557 2852 622 2892 cum
643 2831 752 2892 ordinis
774 2836 848 2893 sacri
871 2833 1010 2895 dedecore
1030 2835 1192 2896 mendicare
1215 2847 1360 2915 cogantur.

276 2931 379 2994 Statuit
391 2931 499 3009 quippe
513 2933 644 3026 synodus
658 2932 828 2993 Tridentina
842 2943 861 2970 “
870 2954 905 2993 ne
919 2937 983 3009 quis
997 2935 1132 3013 deinceps
1143 2936 1263 2996 clericus
1276 2954 1364 2994 saecu·

275 3035 341 3095 laris
356 3075 364 3092 .
381 3075 388 3092 .
405 3075 413 3093 .
428 3033 464 3092 ad
478 3052 573 3093 sacros
588 3033 702 3094 ordines
717 3044 926 3111 promoveatur,
941 3034 996 3092 nisi
1009 3036 1087 3112 prius
1100 3035 1228 3112 legitime
1242 3042 1360 3098 constet,

275 3155 342 3195 eum
357 3133 525 3192 beneficium
540 3134 776 3202 ecclesiasticum,
798 3133 875 3206 qnod
896 3134 949 3191 sibi
973 3133 1007 3191 ad
1028 3135 1134 3193 victum
1154 3135 1272 3194 honeste
1286 3132 1362 3194 suffi-

275 3237 339 3303 ciat,
361 3233 480 3310 pacifice
501 3232 681 3310 possidere.”
697 3275 704 3291 .
720 3275 728 3291 .
744 3275 752 3290 .
768 3233 1003 3292 “Patrimonium
1023 3253 1102 3302 vero,
1125 3233 1171 3291 vel
1193 3235 1359 3312 pensionem

274 3321 435 3393 obtinentes
456 3331 580 3391 ordinari
604 3332 723 3411 posthac
741 3351 797 3390 nou
819 3332 938 3408 possint,
959 3333 1015 3391 nisi
1039 3333 1091 3403 illi,
1113 3351 1186 3406 quos
1210 3334 1360 3410 episcopus

270 3433 440 3510 judicaverit
452 3433 639 3491 assumendos
653 3450 706 3509 pro
715 3433 897 3498 necessitate,
910 3432 955 3490 vel
967 3431 1167 3492 commoditate
1178 3433 1361 3492 ecclesiarum

273 3525 438 3588 suarum.''⁴
477 3531 584 3588 Prater
603 3529 749 3610 beneficii,
764 3540 792 3608 et
800 3530 994 3608 patrimonii,
1016 3551 1066 3590 seu
1081 3534 1221 3592 bonorum
1234 3551 1360 3602 suenum,

273 3646 335 3701 quae
357 3627 546 3685 instrumento
568 3639 644 3686 certo
667 3628 863 3704 designantur,
885 3629 990 3698 titulos,
1008 3632 1133 3690 invectus
1154 3642 1199 3691 est
1220 3633 1360 3690 recentius

271 3723 428 3785 missionis
442 3723 550 3792 titulus,
565 3743 622 3798 qno
637 3726 800 3805 ordinantur
821 3729 871 3800 qui
890 3747 922 3786 se
943 3731 1032 3788 sacris
1053 3731 1238 3790 missionibus
1252 3741 1360 3789 vacatu-

187 3817 189 3820 ’
269 3846 317 3885 ros
327 3824 413 3904 jurati
426 3816 600 3882 affirmante
618 3843 672 3883 nec
695 3825 771 3883 enim
793 3825 860 3884 alias
880 3827 948 3886 licet
968 3847 1018 3887 eos
1038 3830 1179 3900 ordinare,
1199 3849 1288 3904 quum
1302 3845 1359 3889 uon

270 3936 416 3988 teneantur
429 3923 457 3981 vi
481 3922 648 3983 obedientia
671 3925 873 4004 promissionis
893 3927 929 3986 ad
963 3929 1116 3988 missiones
1138 3927 1358 4010 amplectendas,

404 4113 447 4178 (l)
466 4108 507 4159 Ex
520 4109 594 4160 Eulla
605 4109 733 4163 Benedicti
743 4111 813 4164 XIV.
822 4113 939 4180 impositi
949 4113 1027 4165 uobis.

403 4198 445 4262 (2)
467 4195 545 4246 Cone.
557 4195 625 4246 Trid.
636 4212 689 4261 cap.
700 4197 743 4250 xii.
947 4200 990 4266 (3)
1011 4198 1072 4264 Cap.
1084 4200 1125 4250 vii.
1137 4199 1167 4252 de
1178 4199 1243 4252 eieci.

405 4281 447 4346 (4)
467 4280 568 4330 Extrav.
580 4281 620 4330 Pii
630 4281 662 4330 11.
674 4291 689 4316 “
698 4281 764 4332 (lum
775 4299 805 4332 ex
817 4283 964 4333 sacromm.'’

404 4368 446 4430 (5)
468 4363 546 4415 Cone.
557 4366 625 4415 Trid.
637 4367 703 4416 Sess.
714 4369 766 4418 xxi.
778 4384 829 4434 cap.
841 4369 866 4419 ii.
877 4369 907 4419 de
920 4369 1024 4418 Reform.

403 4451 445 4516 (6)
466 4448 543 4500 Cone.
553 4450 617 4500 Balt.
629 4451 663 4500 iii.
675 4451 738 4502 decr.
749 4457 766 4502 ι.
