3144 5192
272 521 332 580 260
640 513 782 574 CAPUT
803 510 986 573 Unicum.

279 694 308 744 et
320 683 384 742 ideo
398 680 433 740 ad
452 681 641 759 legislatorem
655 682 780 760 pertinet
791 699 889 739 eorum
910 678 1065 738 institutio:
1081 687 1110 736 et
1126 678 1238 746 iterum,
1254 677 1321 750 quia
1333 694 1372 734 ex

280 781 455 844 institutione
468 780 626 840 efficaciam
635 781 751 849 habent,
766 799 829 854 quaa
843 781 886 838 eis
899 778 1016 838 nonnisi
1029 777 1164 836 divinitus
1175 771 1298 834 inest.’'²

318 887 349 942 2.
370 880 522 940 Materiam
542 879 629 958 hujus
650 879 820 940 sacramenti
836 879 931 938 oleum
951 895 1015 936 esse
1036 895 1073 936 ex
1095 877 1190 934 verbis
1213 876 1246 933 S.
1266 873 1372 933 Jacobi

279 982 387 1056 liquet:
404 988 423 1016 ‘⁶
435 989 463 1039 et
476 980 543 1054 quia
555 979 651 1038 oleum
664 978 857 1056 principaliter
870 977 1032 1036 nominatur
1042 976 1122 1034 olivae
1131 976 1235 1047 liquor,
1244 992 1310 1033 cum
1319 973 1370 1032 alii

280 1081 408 1155 liquores
422 1079 514 1139 solum
529 1097 567 1138 ex
580 1077 766 1140 similitudine
780 1076 934 1154 adipsum,
948 1077 1004 1135 olei
1013 1094 1118 1135 nomen
1132 1074 1287 1151 accipiant;
1301 1071 1369 1131 ideo

280 1181 376 1240 oleum
397 1178 478 1236 olivae
492 1178 576 1235 etiam
600 1175 684 1236 debet
702 1195 776 1244 esse,
791 1176 868 1248 quod
889 1176 1042 1234 assumitur
1063 1176 1094 1233 in
1114 1175 1260 1232 materiam
1279 1171 1367 1248 hujus

280 1267 497 1338 sacramenti.”²
537 1271 659 1335 Constat
672 1276 751 1344 illud,
766 1276 866 1334 saltem
880 1292 917 1332 ex
937 1285 1080 1352 praecepto
1099 1272 1250 1340 Ecclesiae,
1265 1271 1366 1328 debere

279 1395 343 1436 esse
358 1375 543 1451 abepiscopo
557 1375 754 1435 benedictum:
772 1385 865 1434 uuum
880 1383 974 1433 autem
988 1373 1018 1433 id
1031 1372 1066 1432 ad
1080 1372 1232 1431 essentiam
1245 1370 1367 1428 referen-

277 1475 346 1534 dum
359 1474 406 1543 sit,
421 1473 589 1551 disputatur.
631 1475 723 1534 Posse
737 1475 888 1533 Summum
904 1473 1073 1533 Pontificem
1088 1472 1219 1549 delegare
1228 1469 1366 1529 sacerdoti

277 1573 466 1634 benedicendi
479 1574 576 1634 oleum
589 1573 748 1634 facultatem
763 1573 904 1652 colligitur
917 1592 954 1632 ex
967 1573 1152 1631 concessione
1166 1569 1272 1648 pluries
1282 1570 1364 1636 facta,

278 1691 342 1746 quoe
356 1671 433 1730 haud
446 1682 552 1734 temere
572 1673 645 1732 facta
658 1672 801 1732 censenda
814 1684 857 1731 est
866 1667 890 1731 :³
909 1673 954 1730 cui
968 1674 1051 1731 etiarn
1067 1669 1238 1747 suffragatur
1252 1669 1366 1728 Gracco-

277 1791 343 1832 rum
356 1771 544 1840 consuetudo,
559 1771 634 1848 apud
654 1792 727 1846 quos
748 1772 908 1831 sacerdotes
922 1770 991 1829 illud
1010 1771 1177 1848 perficiunt;
1199 1768 1275 1842 quod
1287 1767 1366 1826 nullo

278 1881 362 1951 pacto
375 1872 485 1938 liceret,
502 1873 526 1930 si
548 1871 585 1928 ita
598 1871 728 1948 episcopi
742 1881 827 1938 esset,
841 1884 872 1929 ut
885 1889 1065 1944 nequaquam
1081 1878 1180 1946 posset
1192 1867 1366 1946 presbyteris

279 1971 496 2031 communicari.
538 1970 722 2029 Sacerdotem
733 1979 827 2028 autem
841 1970 933 2029 Latini
948 1970 1019 2028 ritus
1028 1987 1185 2042 numquam
1198 1968 1298 2026 debere
1308 1966 1365 2024 hoc

277 2089 382 2129 munus
403 2071 458 2128 sibi
479 2087 617 2146 arrogare,
638 2069 791 2142 nequidem
814 2070 951 2146 episcopo
977 2070 1123 2147 probante,
1138 2076 1257 2136 constat,
1278 2084 1367 2140 quum

279 2169 392 2225 Summi
414 2168 561 2226 Pontificis
584 2169 622 2224 sit
641 2167 772 2246 delegare
798 2167 872 2226 hanc
893 2168 1073 2230 facultatem:
1101 2185 1187 2241 quam
1206 2165 1366 2225 sacerdotes

279 2266 375 2326 Graeci
388 2285 425 2324 ex
445 2266 609 2342 patriarchae
630 2267 726 2327 forsan
747 2268 794 2327 cui
815 2267 978 2327 immediate
999 2267 1220 2344 subjiciebantur
1232 2266 1323 2332 venia,
1337 2272 1367 2321 et

279 2385 316 2425 ex
335 2367 480 2444 pontificis
506 2367 597 2443 ipsius
624 2367 809 2446 indulgentia,
836 2388 892 2442 qua
914 2367 1113 2428 consuetudini
1140 2374 1256 2424 vetustae
1281 2365 1368 2423 robur

281 2465 420 2545 adjicitur,
435 2475 579 2525 exercent.
622 2469 773 2527 Probabile
787 2477 831 2526 est
850 2468 906 2527 olei
926 2466 1153 2525 benedictionem
1168 2465 1320 2541 specialem
1333 2461 1369 2518 ad

280 2566 410 2626 infirmos
423 2566 573 2643 ungendos
587 2567 692 2640 requiri
706 2567 878 2636 necessario,
893 2564 964 2624 adeo
977 2576 1008 2624 ut
1017 2567 1081 2625 oleo
1091 2563 1367 2628 catechumenorum,

279 2664 489 2728 velchrismate
509 2674 631 2735 nequeat
644 2666 746 2724 confici
767 2666 863 2724 unctio
883 2676 1026 2724 extrema:
1048 2665 1099 2723 sed
1120 2682 1208 2737 quum
1232 2662 1369 2722 contraria

281 2762 440 2834 aliquorum
454 2763 594 2820 sententia
607 2764 860 2822 verosimilitudine
870 2764 947 2823 haud
961 2773 1062 2833 careat,
1077 2761 1235 2841 culpandus
1248 2781 1305 2820 non
1324 2770 1368 2819 est

280 2860 330 2932 qui
343 2858 492 2918 deficiente
514 2861 578 2918 oleo
599 2861 787 2931 infirmorum,
804 2863 859 2922 alio
880 2866 976 2932 utitur,
992 2863 1154 2922 conditione
1173 2862 1318 2941 apposita:
1340 2859 1368 2917 si

279 2958 422 3017 idoneum
436 2959 497 3018 sit:
519 2959 569 3018 sed
584 2973 691 3038 postea,
706 2963 731 3020 si
751 2965 835 3042 copia
847 2963 903 3022 ulei
923 2964 1100 3023 infirmorum
1115 2963 1259 3032 habeatur,
1273 2959 1368 3021 unctio

282 3059 336 3118 sub
350 3059 513 3120 conditione
524 3061 649 3119 iteranda
661 3062 723 3120 erit.

321 3165 349 3218 3.
372 3160 482 3220 Pollice
496 3162 526 3219 in
543 3161 637 3219 oleum
653 3163 770 3220 intincto
790 3163 921 3222 facienda
941 3172 985 3222 est
1006 3164 1112 3232 unctio,
1127 3163 1199 3223 adeo
1224 3172 1255 3220 ut
1274 3160 1367 3221 oleum

282 3257 465 3328 diffundatur,
481 3260 516 3318 ad
530 3260 606 3334 quod
620 3270 697 3337 gutta
709 3281 767 3320 una
786 3263 902 3332 sufficit,
917 3263 1046 3336 quamvis
1060 3272 1174 3341 prestet
1186 3272 1218 3322 ut
1231 3263 1320 3340 major
1333 3261 1369 3318 sit

282 3358 374 3434 copia.
417 3359 536 3436 Virgula
556 3362 585 3418 in
598 3360 732 3438 ungendo
746 3381 804 3423 nou
824 3373 869 3421 est
886 3362 1055 3430 adhibenda,
1070 3365 1126 3421 nisi
1146 3365 1175 3420 in
1188 3380 1293 3439 magno
1312 3359 1368 3417 dis-

282 3457 411 3524 crimine,
421 3458 534 3531 quando
548 3478 584 3518 ex
598 3469 672 3520 tactu
681 3463 813 3538 contagio
823 3463 972 3522 imminet:
988 3473 1067 3524 extra
1076 3481 1160 3537 quam
1172 3462 1367 3520 necessitatem

280 3573 315 3612 ea
337 3557 388 3623 uti,
404 3559 522 3615 venialis
545 3559 646 3616 saltem
672 3568 716 3617 est
737 3556 847 3636 culpa,⁴
867 3579 955 3632 quum
975 3582 991 3619 a
1016 3563 1070 3620 ritu
1097 3563 1237 3622 Ecclesiae
1264 3570 1368 3618 temere

281 3651 451 3710 discedatur.
495 3654 598 3714 Crucis
612 3657 725 3732 signum
745 3658 906 3717 faciendum
920 3669 964 3717 est
983 3661 1050 3719 dum
1070 3662 1164 3721 unctio
1178 3663 1225 3719 fit:
1247 3659 1325 3733 quod
1345 3659 1370 3716 si

282 3750 436 3818 omittatur,
451 3752 530 3810 salva
542 3763 588 3813 est
599 3755 723 3814 essentia
736 3761 914 3828 sacramenti,
929 3761 1058 3833 quamvis
1080 3761 1211 3820 sacerdos
1225 3759 1370 3818 venialiter

282 3861 392 3928 peccet,

320 3955 349 4010 t.
371 3951 477 4010 Forma
490 3950 576 4030 hujus
590 3955 759 4014 sacramenti
772 3965 839 4014 sunt
851 3960 936 4017 verba
945 3958 1023 4016 haeo:
1046 3961 1135 4018 “Per
1148 3961 1230 4018 istam
1245 3967 1371 4016 sanctam

281 4053 447 4112 unctionem
461 4060 488 4110 et
498 4072 580 4112 suam
595 4054 755 4132 piissimam
770 4057 993 4116 misericordiam
1006 4057 1150 4137 indulgeat
1164 4059 1213 4117 tibi
1227 4057 1371 4116 Dominus

279 4151 418 4229 quidquid
430 4172 480 4231 per
490 4153 592 4212 uisum
602 4153 781 4228 deliquisti.’'
817 4157 889 4220 Hac
899 4159 1072 4218 conveniunt
1084 4167 1227 4237 praecepto
1240 4156 1372 4234 Apostoli

312 4383 349 4441 (l)
371 4382 457 4446 Suppl.
469 4395 502 4433 tu
514 4400 538 4448 p.
550 4402 591 4449 qu.
603 4388 672 4438 xxix.
684 4395 727 4438 art.
739 4388 773 4440 iii.
808 4391 883 4460 Rcsp.
982 4400 1024 4464 (2)
1044 4397 1143 4456 ibidem,
1156 4403 1198 4446 art.
1210 4397 1243 4449 ir.
1276 4399 1351 4466 Rcap.

312 4465 355 4535 (³)
375 4464 413 4515 Do
426 4467 520 4535 synodo
531 4469 601 4521 dioeo.
614 4473 630 4521 l.
641 4473 682 4523 rii.
696 4489 717 4523 c.
729 4475 778 4526 xvi.
790 4491 815 4527 n.
827 4479 850 4525 3.
984 4483 1026 4549 (4)
1047 4481 1073 4531 S.
1085 4483 1159 4548 Alph.
1172 4484 1187 4534 l.
1199 4484 1231 4535 vi.
1242 4499 1267 4534 u.
1278 4489 1336 4539 710.
