3144 5192
252 526 312 584 ate
530 517 732 582 CANONES
753 519 1061 612 POENITEN'i'IAE.

292 689 351 758 Qui
377 687 470 746 aliena
494 686 681 766 concupiscit,
709 686 815 746 iurtum
839 698 900 755 est,
934 688 984 760 qui
1008 689 1101 746 aliena
1126 707 1225 764 rapere
1251 691 1345 766 eupit,

253 789 353 866 rapina
365 795 426 846 est:
449 787 578 861 quirem
598 785 726 844 ecclesiae
750 785 835 844 iurari
855 787 971 863 appetit,
991 788 1172 864 sacrilegium
1193 795 1254 845 cst:
1276 789 1346 847 ideo

254 905 319 950 cum
333 885 442 946 nefarie
455 883 685 964 concupiscendo
697 886 819 962 graviter
837 894 948 962 peccet,
970 893 1002 943 ut
1021 888 1129 962 peccati
1142 887 1269 947 mortalis
1283 906 1346 966 pse·

254 987 402 1049 nitentium
416 993 480 1064 aget
492 985 648 1044 sacerdotis
662 984 802 1042 arbitratu.

293 1086 353 1154 Qui
366 1103 426 1144 rem
441 1084 562 1158 aliquam
578 1083 702 1160 proximi
715 1083 869 1160 pretiosam
889 1084 1016 1142 invenire
1038 1086 1126 1162 cupit,
1147 1094 1179 1143 ut
1196 1084 1270 1143 illam
1286 1083 1343 1141 sibi

254 1187 383 1253 retineat,
410 1182 529 1244 mortale
551 1190 701 1258 peccatum
721 1183 856 1260 concipit,
883 1183 965 1260 cujus
990 1179 1186 1260 paenitentiam
1212 1191 1284 1260 aget,
1311 1191 1342 1240 ut

253 1303 339 1362 supra
352 1283 459 1342 dictum
473 1290 518 1340 est
529 1280 564 1340 de
584 1279 668 1340 furto.

257 1511 393 1572 Canaces
404 1520 569 1595 spectantes
577 1520 701 1596 peccato
715 1519 820 1573 contro
833 1511 982 1572 decimum
994 1511 1142 1591 Deculogi
1149 1519 1341 1592 praeceptum.

207 1677 212 1688 ’
295 1687 329 1744 Si
347 1688 413 1760 quis
431 1687 608 1763 concupiscit
623 1686 772 1745 fornicari:
802 1685 827 1743 si
846 1685 1009 1762 episcopus,
1025 1685 1166 1762 poenitens
1184 1685 1236 1742 erit
1254 1703 1343 1742 annos

255 1797 383 1866 septem;
405 1787 431 1845 si
451 1786 611 1864 presbyter,
626 1786 771 1859 quinque;
792 1785 817 1842 si
837 1784 973 1844 diaeonus
993 1786 1038 1843 vel
1059 1784 1227 1851 monachus,
1247 1792 1343 1850 tres,e

259 1889 364 1962 quibus
378 1905 467 1944 unum
481 1887 510 1944 in
524 1902 598 1962 pane
611 1896 639 1942 et
652 1903 743 1958 aqua;
765 1884 790 1941 si
804 1883 934 1952 clericus,
949 1896 997 1942 aut
1010 1884 1110 1952 laicus,
1125 1901 1215 1942 annos
1229 1881 1309 1940 duos.

296 1988 330 2045 Si
356 1987 421 2060 quis
442 1985 471 2044 in
492 1986 613 2044 somniis
635 2002 672 2042 ex
694 1982 843 2042 immundo
863 1982 1005 2042 desiderio
1025 1984 1180 2060 polluitur;
1200 1991 1296 2059 surgat
1313 1991 1344 2040 ct

258 2094 351 2144 aeaut
363 2085 492 2161 psalmos
506 2083 724 2160 poenitentiales,
739 2091 767 2141 et
779 2081 842 2139 dies
856 2082 969 2159 triginta
982 2085 1127 2161 poeniteat.

296 2183 330 2241 Si
355 2182 488 2252 clericus,
510 2191 558 2239 aut
583 2181 672 2240 laicus
692 2199 730 2240 ex
755 2181 830 2238 mala
855 2183 1037 2257 cogitatione,
1059 2179 1344 2258 concupiscentiaque

256 2299 354 2345 samen
369 2279 512 2350 effuderit,
526 2281 667 2358 poenitens
680 2281 734 2340 erit
746 2280 808 2339 dies
821 2289 942 2357 septem.

535 2513 736 2573 OANONES
760 2514 1067 2573 POENITENTIAE.

514 2703 561 2762 Dc
587 2713 698 2784 septem
723 2705 862 2766 Peccantis
891 2706 1090 2786 Capitoli-bue.

297 2872 355 2930 Pro
368 2871 483 2948 capitali
496 2872 667 2945 mortalique
681 2875 799 2933 crimine
813 2876 980 2952 poenitentia
999 2887 1108 2953 septem
1121 2894 1260 2934 annorum
1273 2874 1343 2934 indi-

257 2971 338 3038 citur,
352 2971 408 3030 nisi
423 2972 531 3048 peccati
544 2973 676 3049 gravitas,
690 2984 718 3032 et
738 2993 868 3052 personae
889 2986 976 3034 status
997 2977 1170 3034 severiorem
1191 2975 1344 3033 diuturnio-

257 3089 374 3144 remque
388 3072 581 3150 paenitentiam
594 3075 729 3146 requirat.

298 3171 358 3231 Pro
381 3172 494 3249 capitali
518 3173 638 3230 crimine
664 3174 858 3251 poenitentiam
882 3183 948 3250 aget
971 3174 1061 3232 laicus
1088 3192 1179 3232 annos
1205 3181 1340 3247 quatuor3

258 3269 378 3329 clericus
402 3272 545 3344 quinque;
573 3271 764 3330 subdiaconus
789 3290 859 3342 sex,
887 3272 1023 3331 diaconus
1050 3281 1176 3351 septem;
1198 3274 1345 3349 presbyter

260 3368 378 3437 decem;
392 3371 545 3447 episcopus
560 3369 719 3430 duodecim.

299 3466 440 3536 Sacerdos
460 3469 654 3547 imprudenter
673 3471 768 3529 ebrius
789 3470 892 3540 factus,
913 3489 986 3547 pane
1005 3479 1034 3528 et
1052 3489 1126 3545 aqua
1151 3470 1345 3546 peonitentiam

259 3566 390 3642 agatdies
398 3576 524 3646 septem
539 3570 566 3626 si
574 3569 760 3646 negligenter,
771 3569 831 3627 dies
842 3569 1006 3643 quindecim
1018 3590 1026 3638 ;
1042 3572 1066 3628 si
1076 3577 1128 3648 pei
1137 3577 1342 3647 contemptum,

257 3662 319 3720 dies
333 3661 527 3740 quadraginta.

296 3760 445 3819 Diaconos
459 3771 488 3819 et
500 3761 572 3820 alius
587 3764 707 3822 clericus
721 3764 815 3823 ebrius
836 3766 938 3846 iactus,
953 3749 1067 3828 arbitrio
1087 3764 1242 3827 sacerdotis
1254 3767 1344 3845 preni-

147 3860 149 3865 ’
255 3869 317 3920 tens
330 3861 392 3919 erit.

295 3960 458 4020 Monachus
484 3955 589 4030 ebrius',
609 3981 684 4038 pane
705 3970 734 4020 et
756 3981 830 4036 aqua
856 3965 1003 4024 mensibus
1026 3967 1133 4026 tribus:
1161 3967 1186 4025 si
1213 3965 1342 4032 clericus,

255 4062 357 4139 viginti
370 4061 442 4120 dies.

295 4161 400 4220 Laicus
417 4160 546 4220 ebriosus
561 4161 683 4238 graviter
695 4171 836 4241 arguatur,
851 4174 880 4223 et
899 4165 1095 4240 paenitentiam
1115 4183 1198 4243 agere
1219 4183 1236 4223 a
1254 4181 1344 4221 sacer-

255 4257 320 4318 dote
334 4268 488 4336 cogatur.¹
593 4247 622 4262 ”¹

269 4380 272 4386 ·
295 4357 353 4423 Qui
378 4357 559 4418 humanitatis
579 4359 668 4436 gratia
689 4360 775 4423 alium
801 4361 939 4420 inebriare
959 4362 1045 4439 cogit,
1066 4363 1262 4441 paenitentiam
1282 4368 1347 4442 aget

255 4454 317 4514 dies
330 4465 460 4534 septem:
481 4457 507 4515 si
520 4475 572 4534 per
584 4467 790 4537 couoesuptum,
804 4458 865 4520 dies
879 4461 1001 4538 triginta.
1068 4486 1073 4508 a
