3172 5172
475 529 533 590 DE
554 528 720 591 SlGILLO
741 529 1062 592 OONFESSIONIS.
1258 538 1316 596 167

227 697 422 760 conditionem
435 696 644 774 explicandam,
659 699 736 758 etad
755 697 906 758 consilium
919 698 1123 776 expetendum,
1137 698 1183 758 vel
1197 699 1265 758 alias
1278 719 1317 761 ex

227 798 325 858 arcani
347 797 463 865 fiducia,
495 805 562 856 sunt
592 797 790 857 inviolabiliter
815 799 963 857 servanda.
1018 798 1205 859 Tentationes
1231 801 1319 876 igitur

228 899 332 974 quibus
353 897 417 971 quis
437 897 628 974 impugnatur,
648 896 776 976 scrupuli
800 898 906 971 quibus
929 900 1049 977 angitur,
1073 900 1187 978 etipsa
1212 901 1317 960 mentis

227 996 404 1071 inquietudo,
427 994 595 1076 (pracsertim
616 999 642 1056 si
665 999 791 1058 animum
805 997 906 1074 prodat
926 995 1061 1078 debilem)
1085 999 1243 1076 ignorantia
1262 1018 1319 1073 qua

226 1097 342 1165 laborat,
356 1094 535 1154 difficultates
550 1097 652 1170 quibus
672 1097 837 1175 impeditur,
850 1099 1015 1175 poenitentia
1033 1098 1127 1175 gravis
1140 1099 1167 1156 ei
1180 1099 1317 1175 injuncta,

227 1195 351 1254 celanda
371 1203 439 1254 sunt
456 1194 581 1264 silentio,
601 1206 705 1273 prater
723 1205 839 1275 peccata
858 1197 992 1266 admissa,
1014 1200 1110 1258 socios
1130 1199 1269 1266 criminis,
1290 1208 1319 1257 et

228 1295 282 1354 alia
293 1313 356 1369 quae
364 1313 519 1372 gravamen
530 1295 684 1372 poenitenti,
694 1297 740 1356 vel
747 1297 844 1355 odium
852 1296 1036 1366 confessioni,
1045 1297 1169 1357 revelata
1176 1307 1316 1373 parerent.

267 1399 317 1454 76.
338 1394 476 1454 Defectus
490 1395 631 1454 naturales
654 1396 827 1472 poenitcntis,
842 1414 946 1472 nempe
960 1396 1035 1468 quod
1049 1398 1086 1455 rit
1098 1397 1223 1474 spurius,
1237 1397 1318 1474 igno·

228 1493 303 1564 bilis,
312 1512 431 1572 pauper,
445 1494 571 1571 ignarus,
585 1494 700 1563 surdus,
713 1495 811 1562 hebes,
822 1495 848 1552 si
861 1495 895 1552 ab
909 1496 972 1571 ipso
982 1496 1153 1555 manifestati
1163 1495 1269 1554 luerint
1281 1496 1318 1556 ad

228 1593 400 1671 explicanda
419 1603 546 1670 peccata,
566 1594 634 1652 licet
659 1595 768 1669 absque
787 1595 846 1653 ulla
865 1594 1042 1664 necessitate,
1063 1604 1129 1657 sunt
1148 1595 1205 1652 snb
1220 1595 1318 1672 sigillo

218 1691 377 1752 servandi:
393 1693 499 1767 quiaea
509 1694 614 1753 fiducia
624 1711 674 1752 eos
686 1693 788 1772 prodit.
810 1693 928 1761 Quodsi
939 1693 1013 1752 ultro
1023 1712 1073 1754 eos
1084 1694 1317 1765 manifestaverit,

229 1792 336 1866 absque
355 1792 413 1852 ulla
432 1793 468 1851 ad
488 1793 699 1854 confessionem
720 1792 867 1862 relatione,
892 1791 1002 1852 videtur
1021 1794 1097 1854 nolle
1116 1813 1167 1852 eos
1191 1794 1317 1853 clavibus

228 1891 315 1970 sigilli
334 1892 492 1971 subjicere3
518 1894 650 1967 quamvis
671 1891 828 1952 cavendum
849 1910 885 1950 ne
906 1911 972 1952 curn
993 1894 1055 1972 ejus
1081 1892 1249 1960 offensione,
1271 1893 1318 1952 vel

228 1992 401 2068 gravamine,
427 1992 546 2066 aliquid,
572 1993 649 2064 quod
675 1993 738 2064 aliis
764 2011 821 2050 non
844 1993 975 2061 innotuit,
996 1992 1113 2052 dicatur.
1162 1993 1195 2050 Si
1215 2011 1253 2050 ex
1273 2012 1318 2052 ac·

229 2091 352 2150 tionibus
371 2093 547 2168 poinitentis,
567 2102 596 2150 et
608 2093 714 2152 ratione
735 2091 898 2161 confitendi,
920 2090 995 2150 haud
1009 2111 1046 2152 ex
1060 2091 1150 2169 ipsius
1168 2092 1315 2162 relatione,

228 2190 408 2252 innotescant
416 2191 603 2260 confessario,
613 2191 772 2252 nullatenus
783 2191 887 2250 cadunt
895 2191 947 2250 sub
957 2192 1093 2269 sigillum.
1128 2191 1161 2250 Si
1174 2193 1317 2268 poenitens

228 2308 260 2348 se
274 2288 376 2348 durum
399 2299 428 2350 et
449 2289 596 2349 difficilem
618 2291 750 2367 proebeat,
776 2291 821 2349 vel
844 2290 913 2350 alias
933 2290 1095 2360 molestum,
1119 2309 1177 2350 non
1199 2292 1267 2350 licet
1288 2291 1317 2351 id

228 2388 422 2458 manifestare,
447 2390 552 2461 “quia,
575 2409 640 2448 cum
664 2389 789 2450 desectus
812 2390 855 2448 illi
875 2390 931 2447 sint
950 2389 1054 2458 odiosi,
1075 2399 1104 2448 et
1124 2390 1317 2449 confessarius

228 2488 341 2547 noverit
353 2505 402 2547 eos
415 2489 565 2548 occasione
579 2489 777 2559 confessionis,
792 2490 860 2548 dum
872 2489 1012 2567 poenitens
1026 2508 1077 2547 sua
1097 2497 1212 2566 peccata
1225 2489 1317 2567 expli·

229 2588 319 2656 cabat,
333 2606 432 2647 eorum
446 2587 633 2648 manifestatio
643 2607 758 2667 semper
768 2589 898 2648 redderet
906 2589 1002 2664 aliquo
1012 2587 1097 2648 modo
1105 2589 1317 2654 confessionem

228 2687 368 2756 odiosam,
383 2698 412 2746 et
423 2688 458 2746 ab
472 2707 506 2746 ea
519 2684 718 2747 retardaret.”l

267 2791 317 2847 77.
339 2786 460 2846 Peccata
486 2787 515 2846 in
542 2788 724 2847 confessione
757 2789 923 2856 commissa,
949 2807 985 2845 v:
1017 2807 1055 2865 g:
1090 2788 1262 2847 contumelia
1288 2790 1318 2848 in

228 2887 444 2956 confessarium,
471 2907 529 2947 non
552 2887 656 2946 cadunt
679 2888 732 2946 sub
752 2887 858 2963 sigillo,
882 2886 933 2944 sed
956 2887 1113 2963 periculum
1134 2889 1317 2946 revelationis

227 3003 327 3046 secum
341 2985 442 3056 ferunt,
457 2987 631 3064 “probabile
644 2985 720 3044 enim
735 2985 873 3044 indicium
886 2986 1023 3062 praebent,
1035 2984 1112 3058 quod
1127 2987 1317 3045 confessarius
1357 3037 1360 3042 .

227 3085 273 3144 vel
297 3085 420 3144 noluerit
444 3085 600 3152 absolvere,
627 3085 673 3144 vel
699 3085 800 3143 acriter
824 3082 1038 3161 reprehenderit
1057 3091 1173 3159 propter
1192 3084 1318 3156 aliquam

227 3186 340 3264 culpam
355 3179 565 3263 graviorem.”²

266 3290 315 3345 78.
337 3285 383 3344 De
396 3286 544 3344 virtutibus
555 3289 584 3342 et
596 3283 815 3343 revelationibus
825 3284 927 3357 quibus
939 3281 1059 3340 donatus
1070 3289 1114 3338 est
1127 3283 1278 3359 poenitens,
1288 3284 1314 3342 si

227 3386 412 3445 manifestatae
432 3386 499 3454 sint,
513 3392 544 3444 ut
562 3381 732 3462 ingratitudo
752 3383 826 3459 ejus,
847 3393 876 3440 et
894 3381 1021 3440 deiectus
1042 3380 1218 3440 confessario
1237 3383 1317 3440 inno·

226 3494 375 3554 tescerent,
390 3483 517 3562 sigillum
531 3482 702 3542 servandum
720 3482 804 3540 docet
817 3483 849 3540 S.
864 3480 1047 3560 Alpbonsus:
1068 3497 1152 3538 secus
1166 3482 1191 3539 si
1212 3481 1318 3558 pande·

225 3593 321 3644 rentur
334 3585 369 3644 ad
383 3585 485 3644 animae
499 3593 603 3643 statum
617 3574 882 3642 manifestandum.³
921 3580 967 3639 Ea
981 3579 1123 3642 tutissima
1135 3590 1189 3647 est,
1209 3581 1316 3660 regula,

226 3691 259 3742 ut
283 3682 428 3744 derebus
454 3684 484 3742 in
516 3682 696 3742 consessione
723 3681 835 3753 auditis,
862 3681 934 3740 nihil
961 3700 1086 3755 unquam
1114 3681 1232 3752 dicatur,
1259 3683 1317 3742 nisi

226 3780 404 3860 prudentiori
417 3782 537 3842 consilio
557 3781 713 3862 indiguerit
731 3781 923 3841 confessarius
934 3773 959 3839 :⁴
977 3780 1094 3854 quodsi
1108 3783 1260 3859 contigerit
1272 3800 1318 3840 res

226 3881 282 3940 erit
294 3880 332 3938 ita
345 3882 532 3958 proponenda
543 3892 575 3942 ut
586 3901 623 3941 na
643 3881 760 3955 quidem
781 3880 902 3941 divinari
915 3881 1008 3958 possit
1020 3881 1174 3957 poenitens,
1189 3879 1267 3937 etde
1286 3897 1318 3936 re

226 3998 290 4054 quae
310 3981 405 4040 evenit
425 3982 566 4041 nesciatur
586 4001 650 4043 esse
671 4001 777 4040 sermo.
821 3982 854 4040 si
874 3980 988 4057 scriptis
1007 3979 1161 4038 consilium
1181 3986 1318 4054 expetere

225 4097 300 4158 opus
326 4079 373 4148 sit,
399 4079 557 4142 cavendum
578 4101 614 4142 ne
640 4083 735 4158 aliqua
761 4079 917 4140 referantur
936 4097 974 4136 ex
1000 4077 1103 4150 quibus
1129 4078 1319 4136 innotesceret

223 4179 377 4257 poenitens,
392 4180 419 4238 si
433 4179 505 4240 forte
520 4181 614 4256 aliqua
626 4183 656 4241 in
670 4182 791 4241 aliorum
805 4197 906 4238 manus
920 4175 1094 4236 devenerint.

261 4416 303 4484 (l)
323 4417 349 4467 S.
362 4417 438 4484 Alph.
451 4419 467 4470 l.
479 4419 547 4472 vin.
560 4422 617 4470 643.
842 4414 884 4480 (2)
904 4411 1004 4461 Ibidem.

261 4501 303 4568 (³)
322 4501 432 4556 levin.
445 4507 502 4555 641.
839 4499 881 4565 (4)
902 4496 964 4562 Cap.
978 4495 1074 4558 Omnis,
1087 4495 1274 4549 Cenabativ.
