3124 5168
561 529 618 588 DE
641 527 727 588 CON
730 528 969 588 FIRMATION
972 527 1010 588 E.
1057 535 1058 540 ’
1290 533 1328 588 63

240 699 349 770 absque
362 697 440 773 gravi
454 696 537 773 culpa
556 697 698 774 negligere
712 695 871 754 subsidium
886 715 944 768 quo
964 696 1114 754 infirmitas
1134 713 1233 754 eorum
1247 695 1329 754 robo-

241 806 327 855 retur.
368 796 490 854 Mortale
504 814 618 869 quoque
629 805 777 872 peccatum
792 795 865 853 soret
877 795 1123 854 confirmationem
1136 802 1328 860 contemnere,

241 895 286 952 vel
305 896 383 970 parvi
402 894 505 952 facere.
547 896 621 952 Ante
635 904 779 952 tonsuram
805 894 983 953 confirmatio
1009 892 1192 970 suscipienda
1217 902 1270 962 est,
1291 911 1329 952 ex

241 993 304 1069 lege
315 990 509 1061 Tridentina,¹
520 1013 583 1066 quae
594 1002 687 1051 tamen
694 994 840 1070 plerisque
851 1012 909 1052 non
920 993 1030 1052 videtur
1040 994 1166 1070 obligare
1177 993 1229 1050 sub
1240 993 1327 1070 gravi.

280 1095 326 1150 12.
348 1093 563 1169 Dispositiones
575 1093 609 1150 ad
618 1093 672 1150 hoc
682 1103 890 1152 sacramentum
899 1093 1114 1170 suscipiendum
1127 1110 1179 1169 pro
1189 1092 1329 1169 cujusque

241 1201 319 1249 aetate
329 1205 357 1248 et
366 1192 498 1251 facultate
507 1193 591 1250 variae
605 1192 756 1268 exiguntur
769 1213 776 1249 ε
799 1193 910 1268 plenior
922 1194 1028 1269 quippe
1041 1193 1141 1252 notitia
1153 1209 1248 1250 rerum
1263 1189 1330 1249 fidei

240 1290 274 1346 ab
287 1289 396 1349 ‘adultis
417 1292 551 1368 exigitur,
572 1309 657 1363 quam
678 1311 694 1348 a
714 1292 809 1366 pueris
830 1310 866 1349 ex
887 1292 1004 1349 infantia
1024 1293 1072 1349 vix
1095 1290 1228 1368 egressis.
1271 1290 1329 1357 Qui

241 1399 358 1466 peccata
377 1391 475 1468 gravia
494 1390 680 1459 admiserunt,
697 1389 812 1447 nonnisi
831 1389 960 1447 dolentes
981 1391 1115 1449 accedere
1129 1390 1240 1457 debent,
1256 1407 1329 1462 quos

243 1488 327 1545 etiam
354 1499 465 1565 oportet
489 1488 671 1547 confessione
697 1495 726 1546 et
755 1489 931 1547 absolutione
960 1490 1078 1565 expiari,
1110 1490 1239 1562 quamvis
1264 1490 1329 1566 lege

242 1586 383 1649 Ecclesia
398 1607 455 1647 non
475 1589 665 1665 precipiatur,
675 1587 731 1646 sed
745 1597 850 1646 tanturn
865 1588 895 1646 in
914 1587 1075 1647 Pontificali
1095 1587 1327 1648 commendetur:
1386 1653 1392 1672 ι

240 1687 336 1763 gravis
351 1696 445 1746 autern
458 1687 531 1745 soret
549 1688 635 1764 cnlpa
647 1688 677 1745 in
691 1688 816 1745 animam
837 1696 955 1763 peccato
975 1687 1164 1746 adherentem
1186 1688 1326 1765 Spiritum

240 1785 378 1843 Sanctum
392 1787 466 1844 velle
481 1787 618 1863 accipere.
661 1767 792 1844 Glavitsr
805 1787 891 1846 etiarn
910 1796 1041 1865 peccaret
1054 1797 1150 1864 pastor
1163 1787 1214 1860 qui
1226 1805 1329 1863 pueros

238 1885 346 1959 absque
367 1884 532 1944 discrimine
546 1885 581 1944 ad
600 1886 843 1944 confirmationem
856 1888 989 1954 mitteret,
1004 1887 1112 1944 omissa
1131 1887 1328 1954 instructione,

239 1995 267 2042 et
292 1986 507 2062 preparatione,
529 2003 591 2058 quae
611 1986 643 2043 fit
661 1985 691 2044 in
716 1985 907 2045 consessione.
948 1985 1097 2062 Jejunium
1124 1984 1329 2044 confirmandis

238 2083 460 2154 commendatur,
475 2084 526 2143 sed
540 2104 608 2143 usus
622 2085 741 2144 invaluit
753 2094 785 2143 ut
796 2086 882 2144 etiam
895 2094 962 2162 post
975 2083 1125 2162 prandium
1139 2078 1330 2145 conseratur.²

237 2182 360 2242 Minime
380 2185 503 2262 exigitur
521 2194 553 2242 ut
572 2184 730 2242 confirmati
751 2184 935 2243 Eucharistia
956 2186 1017 2263 jam
1038 2186 1130 2262 prima
1148 2186 1211 2244 uice
1230 2184 1329 2244 resecti

236 2282 357 2351 fuerint3
379 2301 433 2342 nec
446 2282 555 2342 videtur
568 2284 627 2341 vim
643 2283 732 2340 ullam
752 2282 911 2342 habiturum
932 2291 1064 2342 statutum
1085 2285 1278 2343 dioecesanum
1298 2283 1328 2341 id

237 2383 433 2459 praescribens,
448 2401 537 2454 quum
551 2381 677 2458 generali
690 2379 849 2456 disciplinae
863 2400 923 2439 non
935 2391 1081 2456 congruat.
1124 2381 1218 2440 Frons
1233 2382 1329 2440 statim

237 2490 303 2558 post
328 2482 572 2541 confirmationem
592 2479 715 2556 abstergi
735 2479 826 2546 solet;
854 2478 1032 2538 Pontificalis
1059 2481 1237 2557 praescripto,
1253 2478 1330 2553 qncd

238 2579 351 2658 liganda
361 2583 399 2640 sit
410 2582 498 2640 fascia
507 2581 592 2648 linea,
608 2577 815 2638 consuetudine
829 2579 973 2656 abrogato.
1015 2579 1049 2638 In
1063 2579 1168 2638 librum
1180 2578 1330 2638 reserenda

238 2688 304 2738 sunt
315 2700 331 2738 a
342 2680 469 2758 parocho
482 2681 711 2740 confirmatorum
722 2688 750 2736 et
759 2679 934 2755 patrinorum
948 2680 1075 2737 nomina.
1104 2678 1328 2738 Consueverunt

238 2778 426 2839 confirmandi
452 2798 558 2839 novum
585 2797 692 2838 nomen
714 2797 871 2837 assumere.
926 2778 1095 2839 Admonitio
1121 2799 1157 2839 ne
1184 2778 1330 2839 discedant

238 2888 392 2950 antequam
405 2880 474 2937 ritus
488 2888 563 2937 totus
575 2879 720 2937 absolutus
734 2877 828 2947 fuerit,
840 2888 869 2935 et
880 2878 1040 2937 benedictio
1054 2879 1089 2936 ab
1102 2880 1239 2956 episcopo
1252 2878 1327 2948 data,

239 2978 387 3047 omittitur,
403 2977 516 3050 quando
536 2996 656 3055 magnus
669 2985 713 3034 est
725 2994 891 3042 concursus,
906 2995 972 3033 nam
985 2995 1044 3034 non
1057 2977 1178 3052 pertinet
1191 2977 1226 3034 ad
1239 2996 1330 3034 sacra·

236 3079 324 3136 menti
337 3079 499 3136 essentiam.
541 3077 585 3146 Ita
597 3086 664 3154 post
676 3076 808 3153 Layman
821 3084 851 3133 et
864 3073 956 3133 Oroix
970 3083 1049 3132 notat
1062 3074 1094 3132 S.
1109 3069 1323 3162 Alphonsusss’l

340 3265 383 3329 (l)
402 3261 468 3312 Sese.
479 3260 550 3311 xxiii.
561 3276 583 3311 c.
594 3261 626 3311 iv.
876 3261 918 3326 (2)
938 3259 965 3308 S.
977 3258 1052 3325 Alph.
1064 3259 1080 3310 l.
1091 3258 1124 3308 vi.
1134 3274 1159 3309 m
1174 3259 1231 3312 tst.

666 3346 708 3414 (³)
728 3343 758 3395 L.
770 3345 802 3396 vi.
813 3360 838 3396 n.
854 3348 908 3399 188.
