3144 5192
418 509 475 570 DE
496 506 824 570 JURISDIOTIONE
847 506 1137 568 CONFESSARII.
1267 512 1323 568 186

236 677 318 734 tacite
332 676 496 749 fit,quand0
509 676 620 735 scilicet
633 677 713 736 novit
732 675 835 754 praesul
852 675 1080 753 jurisdictionem
1101 673 1135 732 ab
1159 673 1254 747 aliquo
1274 692 1324 732 ex·

237 777 337 843 erceri;
354 784 382 835 et
400 786 519 835 externo
533 777 629 848 aliquo
642 773 748 834 indicio
760 794 845 834 snum
859 791 1031 833 consensum
1045 773 1224 831 manifestat:
1240 774 1325 832 inter·

238 892 292 932 nus
303 883 394 933 antem
405 894 563 934 consensus
576 894 634 934 non
649 872 778 933 sufficit¹
800 875 850 932 Sic
864 875 889 932 si
899 873 1030 932 sacerdos
1044 872 1187 930 bonafide
1200 873 1326 947 excipiat

237 973 444 1043 confessiones,
459 977 597 1051 episcopo
611 975 719 1032 sciente
733 983 762 1032 et
780 992 953 1032 consensum
973 973 1181 1040 manifestante,
1191 970 1326 1049 jurisdic-

237 1072 341 1130 tionem
366 1073 452 1132 habet
471 1093 509 1132 ex
534 1075 615 1131 tacita
637 1074 834 1132 concessione.
876 1071 974 1131 Semel
1005 1089 1143 1129 concessa
1164 1070 1325 1148 jurisdictio

237 1171 344 1245 absque
356 1174 476 1232 termino
488 1171 606 1250 praefixo
616 1181 720 1240 manet,
726 1172 810 1249 juxta
823 1172 1038 1248 probabiliorem
1047 1170 1228 1239 sententiam,
1239 1171 1324 1229 etiam

236 1271 356 1347 praesule
382 1290 398 1328 e
419 1272 492 1330 vivis
518 1271 640 1339 sublato,
662 1271 792 1328 doneca
817 1289 982 1328 successore
1005 1277 1162 1336 revocetur,
1183 1278 1226 1326 est
1248 1270 1326 1327 enim

238 1370 335 1445 gratiae
351 1371 449 1437 instar,
465 1381 494 1428 et
508 1369 621 1428 “decet
640 1387 810 1428 concessum
824 1388 840 1424 a
848 1370 976 1445 principe
988 1367 1157 1426 beneficium
1171 1385 1236 1425 esse
1248 1385 1326 1425 man·

240 1460 388 1526 surum.”²
421 1468 480 1526 Sed
493 1470 518 1526 si
541 1469 605 1527 data
618 1469 654 1526 sit
672 1469 701 1527 in
723 1487 790 1526 casu
813 1467 982 1544 particulari,
997 1484 1055 1524 non
1068 1476 1198 1524 censetur
1210 1485 1326 1526 manere

236 1565 293 1623 nisi
306 1566 450 1625 confessio
464 1567 548 1625 fuerit
560 1567 692 1642 inempta,
706 1566 774 1625 dum
788 1567 941 1643 episcopus
956 1567 1072 1623 viveret.

280 1667 347 1723 124.
379 1665 545 1743 Delegatam
571 1665 678 1724 habens
700 1666 931 1744 jurisdictionem
957 1683 1015 1723 non
1041 1671 1136 1741 potest
1157 1665 1327 1741 plerumque

238 1751 435 1842 subdelegare,
450 1766 505 1822 nisi
519 1764 665 1842 delegetur
679 1787 695 1822 a
707 1766 848 1842 principe,
870 1766 915 1823 vel
938 1783 1074 1841 supremo
1093 1773 1202 1822 rectore
1216 1764 1250 1823 ad
1264 1765 1327 1824 offi-

236 1863 313 1920 cium
327 1864 459 1936 aliquod:
482 1864 527 1921 vel
541 1865 597 1922 nisi
610 1864 757 1942 delegetur
769 1866 796 1922 ei
810 1864 937 1922 officium
952 1865 987 1923 ad
1001 1864 1213 1922 universitatem
1229 1883 1327 1923 causa·

237 1979 309 2030 rum,
324 1964 370 2021 vel
384 1964 440 2024 nisi
453 1962 582 2040 delegata
598 1963 760 2041 jurisdictio
780 1965 892 2022 muneri
912 1982 965 2022 suo
979 1962 1089 2022 adnexa
1103 1962 1197 2020 fuerit.
1239 1962 1328 2030 Quia

238 2062 359 2121 Summo
381 2063 522 2121 Pontifice
553 2061 710 2140 delegatam
727 2063 958 2140 jurisdictionem
980 2081 1046 2122 cum
1069 2080 1187 2120 munere
1208 2063 1327 2139 accepit,

238 2161 340 2236 poterit
353 2162 432 2220 alteri
446 2181 509 2221 eam
524 2161 720 2240 subdelegare.
762 2164 820 2230 Qui
833 2164 952 2241 parochi
972 2180 1086 2229 munus,
1100 2162 1188 2220 veluti
1201 2181 1238 2220 ex
1252 2161 1328 2220 dele·

237 2260 350 2335 gatione
371 2259 464 2328 habet,
491 2263 555 2338 ipso
576 2262 701 2330 absente,
723 2264 769 2321 vel
789 2265 888 2322 munia
908 2263 985 2320 obire
1005 2279 1064 2319 non
1090 2262 1211 2330 valente,
1234 2271 1328 2338 potest

239 2357 319 2415 alteri
341 2360 519 2417 committere
540 2361 684 2433 quoddam
705 2380 765 2420 suae
781 2361 990 2440 jurisdictionis
1004 2360 1189 2418 exercitium:
1212 2372 1241 2418 et
1253 2361 1328 2436 epis·

238 2457 304 2534 copi
318 2442 439 2533 possunt
451 2459 637 2538 subdelegare
650 2460 797 2519 facultates
812 2481 881 2534 quas
895 2460 923 2517 vi
937 2459 1051 2518 concilii
1066 2457 1239 2527 Tridentini,
1259 2468 1329 2516 tam·

236 2575 323 2630 quam
345 2556 466 2636 delegati
487 2559 579 2618 Sedes
605 2557 779 2638 Apostolicae
799 2570 943 2629 exercent,
961 2559 1022 2637 jam
1045 2559 1121 2617 enim
1147 2577 1200 2618 suo
1214 2559 1327 2618 muneri

237 2655 377 2715 inhoerent
389 2667 417 2716 et
430 2658 464 2716 ad
478 2659 649 2719 ordinariam
663 2677 763 2718 eornm
776 2669 945 2737 potestatem
958 2659 1128 2718 referuntur.
1171 2659 1203 2717 Si
1217 2659 1328 2736 episeo-

236 2775 291 2831 pus
306 2755 784 2836 detconfessariojurisdictionem
807 2761 837 2818 in
857 2778 954 2818 casum
977 2758 1120 2832 quendam
1134 2759 1189 2816 sibi
1203 2776 1328 2817 reserva-

237 2863 308 2922 tum,
323 2857 422 2929 nequit
434 2857 481 2915 hic
494 2858 699 2935 subdelegare:
723 2857 774 2916 sed
787 2860 812 2916 si
825 2859 951 2935 parocho
961 2877 1024 2916 eam
1039 2858 1087 2917 det
1100 2859 1128 2916 in
1142 2877 1224 2918 casus
1238 2876 1328 2916 reser-

237 2962 317 3012 vatos
331 2954 473 3023 universe,
488 2958 529 3015 ob¹
539 2975 644 3015 munus
664 2956 742 3031 qnod
761 2959 843 3034 gerit,
857 2957 1048 3035 potiusquam
1062 2958 1100 3014 ob
1113 2957 1252 3033 speciales
1265 2959 1328 3035 ejus

238 3050 330 3121 dotes,
349 3062 448 3130 posset
469 3057 611 3130 parochus
625 3057 655 3115 in
666 3057 788 3134 speciali
802 3057 896 3130 aliquo
916 3074 983 3113 casn
997 3073 1060 3116 earn
1074 3054 1235 3126 facultatem
1249 3055 1328 3112 alteri

239 3149 476 3211 communicarc.³

280 3254 346 3310 125.
368 3252 438 3312 Jnre
452 3252 622 3316 Tridentino
637 3258 768 3334 episcopi
790 3256 956 3334 approbatio
976 3255 1137 3313 necessaria
1157 3262 1201 3312 est
1220 3262 1250 3311 nt
1263 3253 1327 3326 quis

238 3351 436 3410 confessiones
450 3352 546 3413 audire
559 3356 661 3424 valeat,
682 3357 737 3415 nisi
750 3355 913 3438 parochiale
926 3354 1096 3445 beneficium
1118 3355 1145 3412 ei
1165 3354 1250 3411 fuerit
1262 3371 1329 3411 con·

237 3468 362 3520 cessum,
385 3452 462 3526 quod
477 3452 707 3530 jurisdictionem
728 3474 825 3513 secum
848 3455 942 3513 trahit.
984 3454 1152 3520 “Quamvis
1166 3453 1328 3530 presbyteri

235 3551 266 3608 in
279 3569 330 3610 sua
343 3551 521 3612 ordinatione
544 3573 561 3612 a
583 3555 707 3630 peccatis
730 3554 894 3612 absolvendi
915 3562 1084 3632 potestatem
1104 3554 1260 3631 accipiant;
1281 3551 1330 3611 de·

236 3651 325 3709 cernit
339 3661 434 3712 tamen
447 3663 545 3712 sancta
558 3653 700 3730 synodus,
724 3654 834 3712 nullum
855 3655 939 3713 etiam
961 3653 1144 3731 Regularem,
1159 3672 1244 3730 posse
1262 3671 1330 3712 con·

239 3747 380 3810 sessiones
395 3752 584 3820 secularium,
599 3754 683 3812 etiarn
699 3753 888 3823 sacerdotnm,
910 3753 1016 3822 audire,
1037 3773 1091 3813 nec
1104 3752 1139 3812 ad
1151 3753 1180 3812 id
1196 3753 1330 3815 idoneum

237 3849 371 3922 reputari,
385 3851 442 3909 nisi
453 3861 500 3910 ant
509 3852 672 3929 parochiale
682 3853 862 3921 beneficium,
874 3863 922 3916 aut
934 3854 968 3911 ab
978 3853 1123 3930 episcopis
1134 3871 1186 3928 per
1198 3869 1328 3918 examen,

236 3946 262 4003 si
275 3945 332 4004 illis
346 3946 485 4010 videbitur
497 3953 702 4020 necessarium,
717 3961 765 4010 ant
778 3952 848 4010 aliis
862 3952 981 4012 idonens
991 3944 1185 4030 judicetur.'’⁴

280 4048 348 4104 126.
369 4046 509 4107 Examen,
517 4051 686 4127 plerumque
700 4049 859 4128 precedere
873 4050 957 4109 debet
969 4047 1165 4127 approbationi
1179 4046 1327 4123 episcopi:

251 4143 451 4204 seddoctores
471 4149 689 4222 quietuduerunt
701 4149 808 4209 Morali
828 4147 998 4226 Theologiae
1018 4146 1144 4210 examini
1167 4163 1226 4204 non
1248 4142 1329 4204 decet

304 4308 347 4374 (1)
367 4306 393 4356 S.
405 4307 481 4374 Alpb.
492 4309 508 4359 l.
520 4309 551 4362 vi.
561 4327 586 4361 n.
598 4314 656 4362 570.

303 4394 345 4461 (2)
367 4393 600 4456 lieg.xvi.Jurisin
613 4399 638 4449 6.
899 4391 941 4458 (3)
961 4388 1251 4456 amputaturos.

578 4484 620 4549 (t)
641 4482 706 4530 Sese.
717 4477 787 4530 xxiii.
798 4492 851 4543 cap.
863 4493 903 4528 xv.
916 4476 946 4526 ds
957 4476 1010 4530 Res·
