3108 5162
271 555 332 612 286
627 549 685 610 DE
707 547 1003 610 SPONSALIBUS.

271 715 341 778 illud
354 717 411 778 alio
423 727 507 796 pacto
521 725 619 776 notum
632 717 703 777 sore.
745 715 890 776 Ceterum
910 715 983 777 adeo
1003 733 1088 794 grave
1107 725 1151 775 est
1176 735 1277 777 suam
1293 717 1387 776 mani·

271 815 373 876 sertore
386 816 543 886 infamiam,
566 817 614 876 vel
635 814 772 896 perpetui
792 817 932 876 abstinere
953 837 970 875 a
989 815 1107 894 nuptiis,
1120 824 1150 876 ut
1162 816 1281 894 plures
1298 835 1388 875 excu-

270 927 334 976 sent
345 917 472 995 puellam
485 917 649 987 nubentem,
662 917 717 976 etsi
730 917 828 976 uuest
841 915 918 991 quod
930 916 999 977 olim
1013 915 1041 974 ei
1053 917 1220 994 contigerat
1235 916 1388 994 deinceps

270 1017 373 1076 marito
386 1027 488 1078 notum
501 1010 651 1076 futurum.¹

311 1120 341 1176 8.
361 1117 453 1177 Error
464 1117 539 1176 circa
551 1133 714 1193 personam,
735 1113 782 1173 vel
794 1113 958 1190 qualitatem
973 1131 1036 1188 que
1049 1114 1080 1173 in
1092 1131 1262 1192 personam
1277 1112 1387 1174 redun-

271 1214 329 1284 dat,
343 1217 401 1276 vim
414 1213 593 1293 sponsalibus
606 1213 688 1282 tollit,
702 1215 777 1274 sicut
786 1224 815 1273 et
827 1213 1027 1274 matrimonio:
1042 1223 1156 1290 oportet
1167 1214 1261 1274 euim
1276 1221 1313 1272 ut
1326 1212 1386 1271 duo

272 1315 450 1374 consentiant
471 1312 507 1372 ad
527 1314 697 1372 seinvicem
716 1313 912 1392 excipiendos,
927 1331 1051 1386 quocum
1067 1322 1164 1390 agatur
1177 1320 1384 1391 perspectum

272 1413 416 1472 habentes.
459 1413 544 1481 Quod
566 1413 592 1471 si
614 1413 684 1472 alter
697 1412 814 1472 alterum
836 1412 980 1490 deceperit
999 1412 1029 1470 in
1050 1413 1084 1471 iis
1099 1430 1161 1486 qua
1175 1412 1272 1472 dotes
1288 1429 1378 1485 quas·

271 1509 336 1570 dam
350 1520 379 1570 et
391 1512 543 1573 commoda
555 1513 720 1591 respiciunt,
741 1531 798 1570 non
818 1512 883 1571 ideo
903 1510 1010 1570 tollitur
1022 1512 1067 1570 vis
1080 1513 1260 1582 contractui,
1277 1527 1384 1586 qnam·

272 1611 374 1688 visjus
387 1611 488 1670 habeat
507 1611 643 1689 deceptus
663 1611 807 1690 postulare
827 1611 889 1689 ejus
909 1610 1121 1680 rescissionem,
1135 1611 1250 1688 injuria
1266 1611 1383 1686 quippe

272 1709 300 1769 ei
313 1709 386 1769 sacta
399 1721 452 1770 est.
493 1711 527 1770 In
547 1711 610 1770 foro
630 1711 812 1770 conscientie
833 1731 850 1770 a
869 1710 996 1788 pluribus
1017 1709 1225 1769 habeturliber
1241 1711 1283 1770 ab
1298 1706 1382 1768 omni

273 1809 451 1887 sponsalium
480 1810 604 1878 vinculo,
624 1811 710 1869 etiam
738 1810 845 1884 absque
870 1809 978 1889 Judicis
999 1809 1185 1868 ecclesiastici
1212 1806 1379 1874 sententia,

273 1909 389 1982 quando
414 1927 492 1969 error
517 1928 587 1968 suus
606 1909 660 1968 fuit
679 1909 861 1978 invincibilis,
887 1919 916 1968 et
935 1910 1006 1968 alter
1028 1907 1126 1968 dolum
1148 1908 1307 1968 adhibuit:
1330 1904 1377 1964 vel

273 2010 299 2068 si
313 2010 410 2071 tertius
431 2009 558 2084 quidam,
579 2009 665 2068 altero
684 2008 768 2066 etiam
789 2009 947 2086 ignorante,
968 2027 1036 2068 eum
1056 2009 1087 2068 in
1107 2027 1233 2068 errorem
1257 2005 1379 2067 tradux·

273 2111 335 2166 erit.

311 2209 340 2264 9.
362 2207 460 2266 Metus
486 2206 557 2266 levis
578 2225 637 2266 non
663 2206 757 2267 obstat
775 2205 954 2285 sponsalium
973 2205 1081 2274 valori3
1109 2205 1160 2264 sed
1185 2207 1233 2265 cui
1262 2204 1374 2285 injuria

273 2306 405 2364 incussus
419 2315 471 2374 est,
481 2305 531 2384 jus
544 2305 629 2366 habet
641 2305 677 2365 ad
686 2325 785 2366 eorum
795 2306 999 2366 rescissionem
1012 2304 1174 2384 petendam,
1190 2313 1210 2342 ‘⁴
1219 2307 1292 2380 quia
1305 2320 1372 2363 cum

272 2415 364 2465 metus
379 2405 488 2466 dederit
500 2425 615 2466 causam
628 2407 793 2477 contractui,
808 2408 847 2466 ita
859 2415 891 2466 ot
903 2405 974 2465 elias
988 2405 1073 2465 initus
1087 2423 1145 2464 non
1159 2405 1274 2476 fuisset,
1289 2405 1372 2464 incu-

274 2507 348 2566 tiens
363 2518 470 2566 metum
485 2514 596 2566 tenetur
607 2515 782 2566 contractum
795 2499 1007 2565 rescindere.”²
1046 2495 1144 2565 Metus
1155 2505 1251 2583 gravis
1261 2505 1388 2584 injuste·

272 2606 405 2664 incussus
419 2605 564 2683 sponsalia
578 2604 646 2663 sacit
657 2607 754 2673 irrita;
774 2623 841 2664 nam
860 2605 974 2664 libertas
987 2603 1087 2663 eadem
1100 2604 1224 2681 exigitur
1236 2603 1268 2664 in
1282 2619 1371 2682 spon·

272 2705 353 2763 sione
367 2722 400 2760 ac
412 2703 443 2760 in
456 2701 636 2769 executione,
651 2709 679 2760 et
691 2701 905 2762 matrimonium
924 2720 962 2761 ex
981 2709 1059 2761 metu
1072 2701 1240 2780 hujusmodi
1253 2703 1369 2764 nullum

272 2809 325 2858 est.
368 2799 427 2865 Qui
440 2799 609 2876 propinquis
623 2799 726 2877 puelle
746 2800 805 2858 vim
819 2808 999 2876 mortemque
1018 2801 1205 2872 minantibus,
1219 2800 1368 2880 sponsalia

273 2913 339 2956 cum
363 2913 396 2954 ea
421 2897 497 2965 iacit,
521 2915 580 2957 non
605 2897 641 2956 iis
669 2906 789 2968 tenetur,
819 2918 908 2974 quum
928 2901 1028 2960 mortis
1047 2901 1132 2960 minsa
1154 2900 1270 2980 injusta
1296 2902 1363 2968 sint,

272 2996 384 3056 etiamsi
410 3015 474 3056 eam
494 2998 652 3076 corruperit
670 2999 914 3060 consentientem:
935 3019 1021 3060 secus
1042 2999 1068 3057 si
1087 3000 1188 3060 minati
1214 3002 1273 3061 sint
1297 3017 1365 3062 eum

273 3115 368 3158 coram
382 3098 513 3158 tribunali
527 3097 671 3158 traducere
685 3098 878 3176 plectendum,
891 3108 936 3158 est
947 3100 1024 3160 enim
1037 3108 1130 3159 metus
1139 3101 1246 3177 justus.

315 3202 362 3256 10.
384 3197 403 3258 J
406 3217 454 3258 ure
468 3199 605 3258 canonico
617 3199 761 3276 septennii
780 3189 897 3287 oetasJad
916 3199 1040 3258 valorem
1054 3199 1231 3277 sponsalium
1244 3199 1364 3277 requiri·

273 3291 351 3355 tur2³
371 3295 447 3371 quod
469 3305 609 3358 consonat
626 3298 685 3376 juri
707 3293 811 3357 civili.⁴
850 3299 897 3359 Ea
919 3307 999 3358 etate
1012 3297 1165 3372 aliquando
1178 3298 1362 3360 fiunteorum

273 3396 388 3456 nomine
414 3415 430 3454 a
455 3398 627 3474 parentibus,
649 3417 772 3472 quorum
791 3399 923 3459 uoluntas
941 3415 1042 3459 eorum
1064 3398 1193 3468 habetur,
1214 3398 1306 3460 donec
1326 3395 1362 3458 ad

272 3495 449 3572 pubertatem
475 3498 674 3574 pervenientes
694 3497 927 3559 contradixerint.
982 3507 1002 3535 “
1013 3497 1063 3557 Ex
1088 3498 1270 3576 sponsalibus
1298 3515 1360 3574 que

271 3604 404 3669 parentes
426 3613 479 3671 pro
504 3597 572 3654 filiis
592 3596 755 3673 puberibus,
779 3599 826 3656 vel
845 3597 1049 3677 impuberibus,
1070 3598 1360 3676 plerumquecontre-

272 3689 353 3756 irunt,
374 3691 430 3767 ipsi
444 3690 506 3759 filii,
527 3695 553 3751 si
572 3711 709 3770 expresse
723 3699 931 3765 consenserint,
951 3697 998 3756 vel
1018 3697 1111 3767 tacite,
1125 3707 1157 3757 ut
1168 3699 1193 3757 si
1207 3707 1359 3776 presentes

272 3787 387 3858 suerint,
401 3805 455 3847 nec
468 3789 700 3863 contradixerint,
714 3791 925 3872 obligantur.”³
965 3797 998 3857 Si
1011 3797 1205 3858 contraxerint
1218 3807 1358 3876 parentes,

270 3889 338 3950 filiis
351 3888 450 3949 insciis
471 3897 500 3947 et
513 3889 630 3969 ignaris,
653 3910 712 3952 non
727 3893 821 3952 valent
833 3895 988 3974 sponsalia,
1003 3896 1060 3956 nisi
1072 3895 1104 3956 hi
1116 3905 1176 3956 rata
1188 3915 1223 3956 ea
1235 3897 1359 3958 habeant

273 3991 318 4051 vel
343 3991 436 4060 tacite,
466 3991 513 4051 vel
538 4009 684 4070 expresse.
727 3992 967 4054 “Filio-familias
999 3995 1195 4066 dissentiente,
1218 3997 1360 4074 sponsalis

270 4091 388 4153 nomine
409 4092 473 4171 ejus
494 4092 557 4152 fieri
578 4109 636 4155 non
659 4085 830 4172 possunt.”⁶
870 4095 920 4155 Sic
939 4104 970 4155 et
989 4095 1057 4156 licet
1076 4096 1177 4175 puberi
1197 4097 1358 4158 rescindere

308 4313 350 4376 (1)
368 4311 510 4376 S.A1ph.·l.
523 4312 662 4364 vassos.
807 4299 809 4302 ’
896 4317 939 4382 (a)
958 4313 1091 4375 restem.
1103 4317 1160 4366 saa.

308 4395 351 4457 (3)
372 4391 403 4441 0.
413 4393 445 4443 iv.
457 4401 489 4442 et.
500 4411 524 4443 v.
535 4393 565 4446 ds
577 4395 795 4466 despons.s'mpob.
897 4400 940 4466 (4)
959 4395 990 4447 L.
1000 4398 1051 4448 xiv.
1062 4397 1094 4448 D.
1105 4397 1134 4449 de
1145 4397 1311 4466 sponsalibus.

308 4478 350 4541 (5)
370 4475 432 4541 Cap.
445 4493 487 4527 nn.
499 4482 522 4538 §.
534 4480 550 4530 i.
561 4479 604 4530 fin.
615 4481 646 4531 de
657 4481 723 4548 desp.
736 4484 828 4548 impub.
899 4485 941 4550 (c)
961 4481 1021 4546 Leg.
1035 4485 1075 4535 13.
1087 4487 1110 4543 §.
1121 4482 1150 4534 de
1161 4481 1326 4552 spmuolibus.
