3124 5168
502 555 559 616 DE
581 554 790 616 MINISTRO
810 555 1021 616 BAPTlSMl.
1266 561 1306 616 30

221 740 294 795 quo,
306 721 454 782 deficiente
467 723 624 793 sacerdote,
643 723 691 782 vel
703 724 817 792 clerico,
832 723 926 798 quiris
938 723 1028 782 laicus
1044 731 1141 802 potest
1151 722 1306 801 baptizare,

221 823 282 882 imo
296 831 411 892 tenetur,
426 832 458 882 ut
471 825 712 884 Salmanticenses
731 843 761 884 n.
785 826 832 882 19.
856 840 923 884 cum
943 824 977 883 S.
991 823 1097 884 Anton.
1121 833 1176 882 etc.
1197 822 1307 902 duplex

221 930 266 978 est
289 924 416 982 minister
434 924 578 1001 baptismi,
598 926 708 1003 primns
728 922 888 983 ordinarios
913 941 951 983 ex
970 924 1078 993 officio,
1098 921 1241 982 secundus
1261 933 1307 982 est

221 1020 349 1081 minister
361 1022 602 1082 extraordinarius
615 1041 653 1082 ex
665 1015 916 1082 commissionem

262 1123 308 1180 17.
330 1121 458 1181 Omnino
471 1123 673 1199 improbandus
696 1132 740 1182 est
760 1141 823 1182 mos
837 1123 1020 1182 obstetricum
1040 1119 1227 1195 quarundam,
1241 1137 1306 1193 que

220 1217 340 1279 infantes
354 1221 585 1290 acatholicorum,
606 1241 678 1296 quos
692 1223 883 1300 aparentibus
904 1220 940 1279 ad
958 1221 1132 1299 baptismum
1146 1218 1308 1278 afferendos

220 1335 278 1375 non
303 1327 413 1395 putant,
447 1320 542 1379 statim
568 1340 585 1377 a
609 1330 692 1400 partu
716 1323 872 1398 baptizant,
906 1321 985 1378 nullo
1015 1320 1181 1379 imminente
1207 1319 1305 1377 mortis

220 1418 364 1492 periculo:
386 1437 453 1478 nam
465 1428 571 1477 temere
585 1430 737 1495 usurpatur
749 1439 765 1477 a
778 1420 897 1478 muliere
911 1417 1036 1478 officium
1049 1436 1171 1486 sacrum,
1185 1416 1263 1492 qnod
1276 1417 1307 1477 in

220 1516 284 1574 sola
303 1524 430 1574 extrema
449 1518 616 1576 necessitate
635 1519 717 1577 licet:
738 1521 769 1576 ut
790 1517 863 1576 nibil
884 1516 1012 1576 dicamus
1032 1516 1068 1575 de
1090 1517 1193 1595 injuria
1215 1535 1306 1576 sacra·

221 1622 321 1672 mento
334 1615 464 1692 irrogata,
486 1615 565 1689 quod
584 1616 726 1675 confertur
737 1617 845 1690 absque
864 1616 922 1674 ulla
941 1615 1081 1694 probabili
1094 1634 1145 1692 spe
1157 1615 1305 1674 catholicae

220 1713 430 1789 baptizatorum
439 1713 623 1784 educationis,
632 1724 730 1774 etcum
741 1715 867 1793 periculo
877 1717 1043 1784 iterationis,
1051 1733 1140 1790 quum
1147 1715 1231 1774 facile
1239 1733 1306 1774 con·

220 1812 312 1888 tingat
320 1811 632 1890 infantesaparentibus
641 1815 776 1892 deinceps
785 1815 879 1874 afferri
888 1811 1173 1892 baptizandos,velad
1181 1813 1307 1872 adultam

221 1919 331 1970 aetatem
343 1913 540 1988 pervenientes
553 1915 633 1991 ipsos
647 1924 781 1992 expetere
793 1917 980 1992 baptismum,
994 1913 1041 1971 vel
1053 1913 1107 1970 sub
1121 1921 1243 1971 mortem
1257 1929 1306 1970 ex·

221 2011 325 2086 cipere,
340 2012 469 2088 neglecto
482 2014 655 2090 prenitentiae
668 2015 830 2073 necessario
843 2013 982 2073 subsidio.
1024 2011 1200 2070 Obstetrices
1213 2019 1308 2070 autem

221 2107 338 2167 edocere
364 2120 476 2188 oportet
499 2114 583 2172 ritum
615 2113 790 2191 baptizandi,
822 2122 862 2183 ut,
889 2112 1058 2171 necessitate
1083 2121 1213 2190 urgente,
1239 2128 1306 2170 eum

222 2208 379 2284 perficiant.

263 2310 311 2363 le.
333 2306 431 2363 Nemo
443 2307 571 2382 seipsum
592 2306 667 2364 valet
678 2309 833 2383 baptizare,
855 2308 952 2381 “quia
972 2309 1045 2366 inter
1063 2309 1258 2384 baptizantem
1279 2317 1308 2364 et

220 2405 399 2482 baptizatum
413 2402 497 2461 debet
509 2421 574 2461 esse
595 2402 739 2471 discretio,
761 2405 836 2462 sicut
853 2423 890 2462 ex
915 2405 1009 2461 verbis
1023 2405 1143 2462 Domini
1155 2405 1307 2480 colligitur,

219 2503 342 2562 dicentis
355 2503 521 2580 Apostolis:
542 2502 585 2561 lte
605 2502 745 2580 baptizate
766 2519 865 2561 omnes
879 2493 1029 2580 gentea.”²
1046 2502 1089 2560 lta
1102 2502 1212 2560 censuit
1224 2501 1310 2562 Inno-

122 2649 124 2652 .
223 2605 332 2663 centius
346 2603 402 2662 111.

265 2706 310 2760 19.
342 2703 470 2780 Urgente
495 2703 664 2762 necessitate
687 2711 753 2760 tnnc
779 2711 886 2762 tantum
912 2701 987 2760 laico
1011 2702 1080 2762 licet
1103 2701 1260 2780 baptizare,
1283 2704 1309 2760 si

222 2803 306 2878 copis
318 2821 375 2861 non
388 2803 424 2858 sit
436 2801 606 2870 sacerdotis;
627 2810 800 2880 quapropter
822 2811 920 2879 peccat
939 2803 1060 2880 graviter
1080 2803 1105 2860 si
1123 2820 1227 2861 munus
1241 2802 1309 2879 bap·

222 2900 329 2959 tizandi
341 2910 469 2978 usurpet,
490 2901 604 2975 quando
624 2901 801 2962 sacerdotem
814 2902 896 2960 facile
909 2903 1002 2979 possit
1014 2919 1173 2960 arcessere:
1195 2902 1268 2959 sicut
1280 2909 1310 2958 et

222 3005 322 3074 peccat
334 2999 476 3066 sacerdos,
487 3016 572 3055 snum
584 3000 729 3075 denegans
742 2999 942 3066 ministerium,
962 2999 1042 3070 quod
1055 3005 1188 3074 prestare
1202 2999 1309 3074 possit3

222 3106 250 3156 et
262 3116 298 3157 eo
311 3097 425 3172 quidem
440 3097 555 3173 gravius
575 3114 693 3173 peccare
717 3094 877 3154 censendus
897 3105 952 3164 est,
973 3097 998 3152 si
1020 3113 1057 3155 ex
1070 3095 1139 3153 laici
1152 3097 1309 3170 imperitia,

222 3196 268 3255 vel
280 3197 497 3274 perturbatione,
511 3196 668 3255 timendum
691 3197 728 3254 sit
747 3213 783 3252 ne
804 3193 896 3253 infans
910 3194 985 3253 haud
1000 3194 1160 3272 baptizatus
1174 3192 1310 3254 discedet.

224 3292 368 3354 Ceterum
383 3295 408 3352 si
422 3304 534 3371 tempus
548 3297 586 3353 sit
599 3314 718 3362 sevum,
737 3295 848 3366 iterque
856 3294 1057 3372 longinquum,
1079 3295 1125 3354 rel
1137 3295 1164 3352 si
1176 3294 1310 3354 sacerdos

223 3395 261 3452 sit
273 3394 393 3454 infirme
406 3393 587 3462 valetudinis,
598 3394 643 3453 vel
657 3393 788 3471 plurimis
799 3395 870 3451 sacri
884 3395 929 3451 sui
940 3395 1064 3452 muneris
1075 3394 1310 3470 occupationibus

223 3491 372 3562 distentus,
387 3511 445 3551 non
458 3493 571 3552 videtur
588 3511 707 3570 peccare
721 3491 879 3571 rejiciendo
891 3492 1056 3570 baptizandi
1076 3511 1149 3552 onus
1163 3493 1193 3552 in
1205 3492 1311 3551 laicum

225 3593 273 3665 qui
286 3593 314 3652 id
328 3601 460 3671 prestare
474 3593 553 3650 sciat.

262 3697 312 3751 20.
334 3691 414 3751 Ordo
427 3690 582 3750 servandus
603 3700 647 3748 est
666 3693 752 3750 etiam
772 3691 808 3748 in·
822 3700 949 3752 extrema
960 3694 1146 3752 necessitate:
1169 3693 1224 3751 “si
1237 3693 1312 3752 adsit

223 3791 365 3860 sacerdos,
379 3790 502 3850 diacono
522 3778 701 3867 preferatur,
715 3790 853 3850 diaconus
876 3789 1059 3861 subdiacono,
1080 3793 1203 3853 clericus
1222 3793 1308 3858 laico,

226 3895 256 3945 et
274 3890 318 3947 vir
342 3889 476 3961 immine,
497 3888 553 3948 nisi
572 3889 689 3966 pudoris
715 3889 803 3968 gratia
828 3889 926 3948 deceat
950 3889 1098 3950 foeminam
1111 3893 1206 3970 potius
1220 3905 1310 3960 quam

224 3985 318 4046 virum
342 3986 485 4063 baptizare
511 3988 647 4048 infantem
674 4007 732 4048 non
764 3989 881 4049 omnino
908 3988 1026 4057 editum,
1053 3989 1099 4046 vel
1124 3989 1183 4047 nisi
1207 3985 1312 4043 melius

224 4084 343 4146 foemina
367 4086 453 4143 sciret
470 4088 590 4146 sormam
612 4098 641 4146 et
662 4089 780 4148 modum
800 4086 973 4164 baptizandi.
1015 4087 1196 4162 Quapropter
1214 4099 1312 4140 curere

224 4181 308 4246 debet
319 4182 473 4262 parochus,
487 4195 518 4245 ut
529 4186 640 4256 fideles,
661 4188 818 4265 presertim
832 4187 1007 4252 obstetrices,
1026 4191 1136 4242 rectum
1149 4180 1312 4259 baptizandi

223 4283 308 4344 ritum
321 4284 410 4362 probe
423 4293 536 4346 teneant
546 4295 576 4345 et
587 4296 710 4346 servent.
752 4286 839 4344 Pater
859 4291 906 4340 ant
926 4292 1016 4340 mater
1035 4279 1180 4357 propriam
1200 4281 1312 4358 prolem

259 4510 302 4577 (l)
321 4507 351 4561 L.
364 4510 397 4560 vi.
409 4528 434 4562 ru
448 4515 504 4562 11³.
665 4508 708 4575 (2)
728 4505 759 4558 0.
771 4506 786 4556 'n
798 4501 960 4564 Debitumdc
971 4502 1095 4573 baptismo
1106 4509 1129 4560 et
1137 4507 1193 4578 ejus
1203 4505 1279 4578 tffm·
