3124 5168
840 439 853 466 θ

579 522 636 582 DE
660 522 953 584 BAPTIZANDIS.
1275 532 1314 587 4³

223 697 293 755 licet
305 693 430 752 membra
442 691 499 748 sint
518 689 624 758 feriam
645 691 698 750 sub
718 690 881 750 conditione
899 689 977 760 verb,
991 692 1017 749 si
1030 701 1115 769 caput
1127 693 1164 751 sit
1181 693 1314 764 ferinum,

221 805 252 852 et
273 793 400 851 membra
418 791 561 856 humana;
582 789 639 848 hoe
652 789 718 848 verb
746 792 771 848 si
790 789 926 866 prodierit
939 809 976 849 ex
997 809 1152 868 congressu
1174 794 1228 851 viri
1247 813 1313 854 eum

222 892 345 952 femina:
367 908 432 949 uam
447 889 473 946 si
486 888 626 966 prodierit
637 891 744 948 exviro
757 908 821 947 cum
835 890 926 947 bestia
939 887 1029 970 (quod
1041 891 1208 950 incredibile
1221 891 1314 973 puto,)

222 995 289 1050 tunc
307 989 445 1067 baptizari
464 1006 581 1066 semper
601 987 716 1046 deberet
734 989 786 1046 sub
806 988 989 1058 conditione;
1010 1008 1095 1048 secus
1109 992 1135 1049 si
1149 1008 1187 1048 ex
1206 991 1314 1052 femina

225 1100 254 1148 et
265 1091 358 1158 bruto,
372 1098 440 1146 tunc
454 1090 531 1146 enim
547 1087 726 1146 nullomodo
746 1087 957 1164 baptizandum,
972 1089 1110 1162 quianon
1130 1088 1317 1150 descenderet

224 1207 260 1247 ex
273 1187 376 1256 Adam,
390 1195 488 1264 utpote
507 1206 566 1246 non
586 1197 756 1263 conceptum
778 1205 816 1244 ex
836 1179 946 1244 semine
965 1188 1040 1246 virili
1052 1181 1099 1245 .”¹
1140 1187 1316 1249 consulatur

226 1298 255 1345 et
267 1287 382 1362 Rituale
396 1287 571 1346 Romanum.

263 1391 313 1445 27.
336 1386 485 1463 Maneipia
498 1384 534 1443 ad
546 1385 723 1462 baptismum
743 1382 853 1442 admitti
866 1394 997 1460 possunt,
1012 1387 1097 1444 etiam
1110 1386 1187 1446 heris
1202 1387 1312 1456 inritis,

226 1485 376 1543 nonenim
396 1485 585 1562 subjiciuntur
604 1484 682 1541 heris
698 1483 727 1540 in
741 1484 777 1541 iis
798 1501 861 1554 quae
881 1493 947 1540 sunt
961 1485 1034 1561 juris
1055 1484 1152 1543 divini.
1194 1485 1279 1552 Quod
1292 1489 1318 1547 si

223 1593 325 1660 urgeat
346 1592 439 1641 metus
458 1584 523 1642 heri
539 1582 684 1650 vindictae,
705 1583 729 1638 si
749 1582 860 1639 noverit
879 1600 993 1641 servum
1013 1583 1102 1642 fuisse
1128 1584 1233 1658 absque
1254 1587 1317 1666 ejus

225 1699 381 1749 consentu,
395 1683 442 1740 vel
462 1689 560 1740 contra
579 1683 643 1760 ejus
662 1681 845 1748 voluntatem,
859 1681 1042 1757 baptizatum,
1059 1701 1118 1742 non
1137 1682 1204 1743 ideo
1223 1683 1319 1744 licebit

226 1780 368 1858 denegare
394 1790 602 1840 sacramentum
629 1797 710 1837 servo
736 1779 939 1855 cupientiauoe
965 1781 1111 1840 consulere
1137 1782 1239 1842 saluti:
1268 1783 1319 1842 sed

227 1880 321 1938 omnis
332 1881 441 1938 cautela
454 1878 616 1944 adhibenda
629 1880 691 1947 erit,
703 1887 734 1936 ut
746 1897 793 1936 res
806 1897 866 1937 non
878 1879 1047 1938 innotescat.

265 1983 314 2036 28.
335 1979 461 2038 Infantes
476 1980 686 2056 mancipiorum
700 1978 836 2055 baptizari
846 1988 980 2054 possunt,
995 1979 1158 2055 parentibus
1171 1979 1279 2048 invitis,
1295 1982 1320 2039 si

228 2075 337 2137 domini
349 2078 388 2136 ita
400 2079 507 2136 velint:
530 2080 598 2151 quia
611 2085 736 2156 potestas
751 2077 931 2136 dominorum
946 2079 976 2136 in
989 2096 1039 2136 eos
1052 2077 1137 2155 plena
1149 2086 1202 2148 est,
1213 2087 1242 2137 et
1254 2099 1319 2138 eum

227 2193 327 2234 eorum
345 2177 635 2238 utilitateadhibetur
655 2175 690 2233 ad
710 2177 794 2235 saluti
814 2177 1041 2236 consulendum:
1072 2177 1206 2238 dominos
1226 2187 1320 2238 autem

229 2275 329 2333 saltem
343 2293 380 2333 ex
394 2277 527 2335 charitate
538 2278 628 2336 teneri
641 2275 675 2333 ad
688 2294 739 2334 eos
752 2285 784 2333 ut
796 2273 988 2353 baptizentur¹
1002 2276 1162 2336 afferendos
1176 2278 1322 2337 contendit

229 2370 382 2431 Αιιιιιίιιιι.2
419 2373 580 2448 Nequeunt
592 2383 684 2432 autem
693 2375 831 2452 baptizari
842 2377 1007 2451 parentibus
1019 2374 1200 2447 dominisque
1213 2377 1320 2444 invitis,

229 2473 288 2531 nisi
309 2471 337 2530 in
360 2481 488 2532 extremo
511 2476 575 2533 vitae
601 2473 776 2542 discrimine,
799 2474 865 2546 quia
891 2493 980 2546 quum
1003 2491 1092 2549 penes
1115 2491 1165 2531 eos
1188 2483 1322 2532 maneant

226 2573 319 2650 pueri,
341 2591 399 2632 non
419 2583 539 2649 possent
558 2573 711 2632 christiano
731 2591 811 2631 more
838 2573 958 2658 institui,
979 2572 1102 2646 ideoque
1130 2572 1319 2650 “baptismus

228 2669 380 2746 manifesto
400 2673 529 2748 periculo
555 2671 770 2750 profanationis,
791 2680 820 2730 et
837 2672 997 2749 baptizatus
1017 2672 1146 2748 periculo
1172 2674 1321 2750 apostasiae

229 2781 407 2847 exponetur3
440 2792 506 2831 cum
532 2781 645 2831 constet
670 2789 735 2829 eum
762 2772 792 2830 in
818 2770 982 2830 infidelitate
1005 2765 1238 2831 educandum.”³
1289 2772 1322 2830 Si

230 2878 363 2946 parentes
383 2869 481 2938 velint,
494 2870 619 2929 dominis
639 2870 872 2947 repugnantibus,
887 2880 1007 2946 possunt
1018 2871 1072 2929 filii
1090 2872 1240 2946 baptizari,
1255 2872 1323 2944 quia

231 3075 325 3124 tamen
333 3066 436 3126 debent
443 3068 569 3126 studium
577 3085 662 3126 omne
673 3084 779 3143 ponere
789 3068 819 3124 in
829 3066 864 3123 iis
872 3065 1028 3124 christiano
1038 3083 1119 3123 more
1129 3066 1320 3124 instituendis.

230 3165 263 3223 Si
278 3165 435 3226 alterutere
449 3167 614 3244 parentibus
628 3157 724 3233 velit,‘¹
739 3165 785 3222 vel
798 3164 861 3222 heri
874 3183 958 3232 uxor,
973 3163 1055 3222 debet
1067 3161 1160 3222 infans
1173 3165 1322 3240 baptizari,

120 3257 124 3262 ’
232 3265 298 3336 quia
317 3266 447 3325 voluntas
469 3268 549 3344 justa
569 3265 653 3324 debet
665 3265 777 3342 injuste
797 3264 970 3341 prevalere:
998 3263 1050 3322 sed
1069 3281 1173 3340 magna
1191 3262 1324 3340 ponenda

231 3375 274 3421 est
286 3363 435 3443 diligentia
448 3368 478 3424 in
491 3364 645 3424 christiana
658 3365 740 3439 pueri
752 3364 937 3422 institutione.

269 3466 319 3522 29.
341 3465 468 3524 Infantes
487 3463 647 3524 infidelium
662 3461 817 3520 liberorum
837 3471 983 3534 nequeunt
1003 3461 1142 3538 baptizari
1159 3462 1257 3519 invitis
1276 3481 1324 3539 pa·

230 3564 367 3634 rentibus,
394 3564 453 3623 nisi
478 3567 507 3622 in
533 3571 662 3621 extremo
688 3563 752 3620 vitae
784 3561 971 3621 discrimine:
1005 3560 1158 3620 declaravit
1185 3559 1262 3619 enim
1289 3561 1322 3620 S.

233 3659 427 3741 congregatio
441 3663 474 3721 S.
490 3661 598 3730 Officii,
612 3660 659 3720 die
676 3666 712 3719 18
726 3662 873 3720 Februarii
887 3680 962 3720 anuo
979 3665 1066 3729 1705,
1081 3660 1110 3720 id
1124 3669 1143 3696 “
1153 3680 1211 3720 non
1224 3661 1322 3732 licere,

232 3761 288 3819 nisi
299 3764 328 3820 in
342 3764 462 3822 articulo
476 3762 575 3821 mortis
586 3761 616 3819 :''
633 3761 699 3834 quia
714 3770 734 3796 ‘⁸
743 3759 901 3820 secundum
911 3762 961 3838 jus
974 3761 1099 3819 naturale
1110 3771 1177 3820 sunt
1190 3762 1243 3820 sub
1258 3781 1325 3820 cura

233 3869 393 3935 parentum,
412 3861 549 3934 quamdiu
569 3862 626 3938 ipsi
647 3861 702 3919 sibi
722 3860 870 3937 providero
890 3879 949 3918 non
968 3869 1105 3936 possunt:
1119 3903 1126 3918 .
1139 3903 1146 3918 .
1160 3901 1189 3918 ..
1211 3871 1240 3918 et
1258 3858 1324 3916 ideo

234 3968 333 4015 contra
348 3959 487 4035 justitiam
507 3961 664 4022 naturalem
685 3944 770 4028 e'sset,
785 3961 810 4017 si
832 3960 901 4018 tales
923 3961 1014 4035 pueri,
1029 3960 1127 4017 invitis
1148 3957 1322 4034 parentibus,
1406 3949 1413 3962 '

233 4055 458 4134 baptizarenturr
480 4060 553 4119 sicut
565 4063 651 4120 etiam
662 4061 688 4117 si
703 4059 805 4132 aliquis
814 4057 923 4116 habens
937 4076 1022 4116 usum
1035 4057 1152 4116 rationis
1167 4053 1324 4128 baptizare·

234 4163 278 4214 tur
297 4156 413 4215 invitus.
454 4158 541 4218 Esset
553 4162 639 4220 etiam
660 4159 854 4237 periculosum
872 4156 962 4214 taliter
974 4156 1050 4214 filios
1064 4151 1222 4212 infidelium
1236 4151 1325 4228 bapti-

269 4391 312 4458 (1)
331 4389 361 4441 L.
373 4391 405 4442 vi.
417 4407 443 4442 n.
456 4394 512 4442 125.
691 4393 734 4457 (2)
753 4390 861 4439 Antoine
873 4395 940 4439 tract.
952 4388 1057 4452 debapt.
1070 4401 1110 4451 qu.
1122 4386 1173 4437 xiii.
1183 4385 1257 4455 Κεφ.
1269 4387 1291 4437 3.

272 4477 315 4544 (3)
334 4476 434 4539 Ibidem,
447 4479 522 4548 Rerp.
533 4480 557 4528 4.
693 4477 735 4543 (4)
754 4475 818 4526 Vide
830 4475 907 4526 Gonc.
919 4475 999 4528 'Pelet
1010 4474 1042 4526 iv.
1054 4490 1106 4541 cap.
1118 4473 1178 4526 lxiii.
