3144 5192
569 502 627 563 DE
649 500 998 562 SATISFACTIONE.
1273 505 1330 562 185

285 671 353 728 114.
375 666 542 728 Curandum
553 678 637 728 estut
648 669 796 747 penitenti
810 670 917 739 animo,
929 690 946 728 a
958 668 1068 746 peccati
1078 666 1181 730 affectu
1196 667 1329 737 immuni,

241 785 314 844 opus
328 770 484 846 injunctum
494 769 558 830 bat:
579 768 632 828 sed
643 769 693 842 qui
706 767 776 827 illud
785 769 936 842 exequitur
948 777 1065 846 peccato
1077 768 1181 826 iterum
1194 767 1327 836 irretitus,

240 877 383 945 praecepto
402 855 569 938 confessarii
591 870 660 928 satis
682 869 776 926 facere
801 877 943 936 censetur,
966 869 1098 941 quamvis
1121 867 1213 926 fructu
1239 867 1330 946 poeui·

240 968 334 1026 tentiae
353 986 406 1026 sua
425 967 510 1046 culpa
529 970 664 1046 privetur,
685 976 714 1026 et
732 976 834 1045 peccet
851 967 1009 1036 venialiter,
1024 967 1105 1027 obice
1117 967 1213 1045 posito
1232 967 1328 1044 gratia

238 1067 445 1126 sacramentali.

280 1170 347 1225 115.
369 1166 428 1234 Qui
448 1167 621 1245 poenitentia
645 1165 749 1224 oblitus
774 1173 827 1234 est,
849 1185 908 1225 non
929 1173 1039 1224 tenetur
1059 1163 1095 1222 ad
1115 1163 1328 1224 consessionem

239 1265 406 1335 iterandam,
416 1273 449 1323 ut
460 1285 535 1324 nova
548 1267 575 1324 ei
585 1260 773 1341 imponatur,⁸
786 1283 852 1322 nam
866 1265 1065 1341 gravissimum
1078 1281 1151 1322 onus
1167 1262 1327 1341 repetenda

239 1363 440 1433 consessionis,
461 1364 576 1437 quando
596 1363 679 1421 venia
698 1372 879 1440 peccatorum
902 1372 946 1420 est
966 1362 1056 1421 semel
1075 1364 1233 1439 impetrata,
1247 1363 1327 1422 nullo

240 1464 374 1539 probatur
384 1464 567 1522 documento:
583 1461 635 1522 sed
645 1462 740 1531 debet,
752 1462 885 1538 sipossit,
894 1460 1016 1520 eundem
1025 1461 1102 1520 adire
1110 1462 1327 1531 confessarium,

238 1563 289 1634 qui
302 1563 398 1620 forsan
410 1564 584 1639 poenitentiae
597 1562 738 1638 impositae
751 1561 926 1620 recordetur.

281 1665 349 1720 116.
370 1661 541 1721 Poenitentia
553 1680 611 1720 non
626 1669 721 1738 potest
728 1661 758 1718 in
766 1661 848 1719 aliam
863 1661 930 1718 licet
939 1661 1113 1719 severiorem
1127 1669 1156 1718 ct
1167 1660 1326 1728 meliorem,

239 1761 418 1836 epoenitente
427 1763 539 1828 mutari,
547 1780 634 1834 quurn
638 1759 745 1837 judicis
754 1761 892 1818 sententia
901 1761 938 1817 sit
944 1761 1107 1818 executioni
1120 1759 1324 1819 demandanda.

237 1857 439 1918 Confessarius
459 1861 562 1936 poterit
575 1879 658 1933 aequa
678 1877 715 1917 ex
727 1877 813 1917 causa
825 1877 889 1917 eam
904 1860 934 1918 in
947 1858 1078 1918 tribunali
1096 1867 1215 1926 mutare,
1231 1879 1265 1917 v:
1287 1879 1324 1938 g:

236 1959 261 2017 si
281 1959 366 2018 nimis
386 1959 424 2016 sit
443 1958 539 2027 ardua,
561 1960 606 2018 vel
626 1959 770 2036 paenitens
790 1959 840 2016 rix
860 1977 923 2017 eam
943 1958 1114 2036 impleturus
1134 1959 1180 2016 sit.
1234 1959 1327 2017 Extra

238 2058 359 2118 tribunal
373 2077 431 2118 uon
444 2057 529 2117 debet
542 2057 610 2132 quid
622 2067 740 2126 mutare,
755 2059 822 2130 quia
831 2058 972 2135 judicium
981 2059 1044 2136 jam
1056 2058 1181 2124 transiit;
1197 2059 1327 2130 quamvis

236 2159 262 2216 ai
275 2159 416 2234 paenitens
427 2157 551 2226 accedat,
559 2176 619 2216 rem
628 2156 682 2216 sibi
692 2165 863 2234 praeceptam
875 2175 996 2231 querens
1008 2175 1040 2215 se
1048 2175 1106 2216 non
1114 2175 1201 2234 posse
1211 2158 1325 2230 exequi,

237 2259 350 2333 poterit,
365 2257 549 2329 inquisitione
569 2257 652 2324 sacta,
674 2255 752 2314 aliud
773 2275 847 2334 opus
867 2256 1070 2315 satisfactionis
1091 2257 1251 2333 adsignare,
1266 2275 1327 2315 mo·

237 2374 309 2415 nens
331 2365 362 2412 ut
382 2363 472 2413 totum
492 2356 595 2414 referat
614 2357 643 2414 in
665 2356 799 2432 proxima
816 2356 1009 2424 confessione,
1029 2355 1064 2413 ad
1082 2355 1185 2432 judicii
1206 2357 1326 2415 formam

236 2453 436 2515 inducendam.
508 2507 510 2515 ,

279 2558 346 2614 117.
367 2554 450 2613 Alius
471 2553 606 2613 sacerdos
626 2573 683 2613 non
697 2555 781 2614 debet
801 2564 906 2614 temere
926 2555 1096 2614 senteutiam
1119 2553 1240 2613 alienam
1254 2554 1328 2612 miti·

236 2671 312 2732 gare,
335 2655 381 2712 vel
406 2655 585 2726 aliquatenus
610 2663 731 2724 mutare,
752 2673 841 2729 quum
860 2655 965 2733 judicii
986 2655 1120 2733 gravitas,
1143 2662 1173 2712 et
1193 2655 1326 2713 sanctitas

233 2754 400 2813 sacramenti
410 2763 497 2822 vetet,
510 2771 547 2811 nc
561 2754 631 2828 quid
646 2754 747 2813 leviter
769 2763 907 2814 mutetur:
923 2755 973 2814 sed
992 2757 1018 2815 ei
1037 2755 1229 2814 confessarius
1249 2753 1324 2812 haud

236 2854 304 2912 satis
317 2851 470 2930 pmdenter
483 2855 583 2930 egerit,
598 2855 644 2912 vel
664 2853 805 2930 poenitens
824 2856 1009 2932 periclitetur,
1023 2856 1136 2932 poterit,
1150 2873 1227 2914 novo
1247 2855 1327 2914 insti·

236 2962 296 3011 tuto
322 2954 465 3020 examine,
488 2971 593 3011 novam
619 2953 744 3050 proferre
771 2955 952 3013 sententiam.
999 2955 1138 3021 Quinimo
1163 2956 1189 3013 ei
1216 2962 1328 3012 constet

237 3151 316 3208 alteri
342 3151 493 3220 sacerdoti,
514 3151 543 3209 in
570 3152 703 3211 tribunali
723 3161 828 3223 tamen,
852 3152 928 3211 aliud
956 3171 1029 3230 opus
1055 3151 1146 3228 magis
1167 3170 1325 3228 congruum

237 3249 396 3328 adsignare,
411 3252 518 3324 absque
538 3269 611 3310 nova
632 3262 813 3328 peccatomm
835 3253 1040 3330 preteritorum
1061 3251 1254 3319 confessione,
1269 3253 1345 3310 nisi·

236 3349 390 3425 specialem
411 3351 447 3409 ob
460 3369 586 3419 causam,
598 3369 685 3424 quam
698 3353 848 3429 explorare
865 3361 978 3430 oportet
990 3361 1018 3410 e't
1035 3350 1222 3428 perpendere,
1236 3353 1327 3429 poeni·

236 3450 321 3508 tentia
334 3451 468 3528 imposita
480 3452 528 3510 sit.
562 3450 647 3518 Quod
662 3461 755 3511 autem
767 3470 840 3530 opus
854 3452 964 3511 nonsit
983 3453 1082 3540 iterata
1095 3451 1275 3510 confessione
1289 3470 1326 3510 cx

132 3544 136 3552 ’
234 3565 268 3606 eo
282 3548 430 3610 deducitur
443 3550 521 3624 quod
535 3549 570 3609 do
591 3551 763 3628 obligatione
783 3551 838 3610 hac
859 3570 917 3612 uon
937 3560 1065 3621 constet;
1089 3559 1118 3609 et
1135 3551 1248 3629 judicio
1264 3553 1326 3630 jam

234 3647 319 3718 sacto,
335 3669 410 3710 nunc
431 3661 540 3710 tantum
559 3649 748 3728 judicandum
768 3661 813 3711 est
832 3659 925 3711 utrum
947 3651 1087 3729 poeniteus
1105 3652 1276 3712 eximendus
1290 3655 1328 3712 sit

236 3747 370 3808 abunere
393 3752 540 3827 imposito.
575 3750 625 3808 Sic
639 3751 685 3809 cui
700 3751 857 3829 injunctum
872 3762 924 3822 est,
939 3760 971 3810 ut
982 3751 1060 3822 fidei,
1075 3753 1147 3829 spei,
1162 3762 1190 3811 et
1203 3754 1326 3812 caritatis

234 3855 313 3903 actus
328 3848 430 3916 eliciat,
445 3868 534 3923 quum
547 3868 598 3908 eos
619 3853 759 3911 memoria
778 3870 836 3911 non
851 3861 954 3921 teneat,
968 3872 1021 3910 nec
1035 3853 1107 3910 sciat
1125 3853 1232 3930 legere,
1246 3851 1327 3910 facila

234 3945 369 4004 eximitur
381 3949 488 4021 absque
499 3967 574 4008 novo
585 3969 677 4008 causae
691 3953 834 4011 examine.

277 4049 344 4104 118.
368 4046 465 4105 Nemo
485 4058 578 4124 potest
595 4067 646 4126 per
665 4050 784 4110 alterum
806 4050 1003 4128 penitentiam
1023 4050 1079 4108 sibi
1101 4049 1255 4125 injunctam
1276 4049 1329 4107 im-

233 4143 329 4220 plere;
350 4165 417 4205 uam
439 4145 547 4224 judicis
568 4151 708 4208 sententia
726 4169 807 4209 reum
831 4149 989 4226 adstringit,
1003 4158 1032 4206 et
1054 4167 1141 4222 quum
1165 4146 1331 4222 poenitentia

233 4244 356 4318 remedii
369 4256 398 4305 ot
417 4247 574 4324 punitionis
588 4249 645 4308 vim
660 4251 796 4316 obtineat,
811 4249 869 4326 ipsi
888 4256 995 4326 egroto
1008 4257 1036 4305 et
1049 4264 1098 4304 reo
1112 4244 1260 4304 subeunda
1275 4257 1327 4306 est.

608 4458 650 4522 (1)
671 4456 696 4503 s.
706 4453 782 4520 Alph.
794 4455 809 4502 1.
822 4453 853 4502 vi.
865 4469 891 4502 n.
902 4455 959 4502 sai.

756 4554 817 4611 17*
847 4595 849 4599 -
