3172 5172
591 557 648 615 DE
670 555 979 616 OONFESSIONE.
1275 562 1331 618 157

489 910 515 985 §.
537 908 606 967 Vll.
647 909 696 967 Dn
717 927 853 968 uernam
873 927 1074 970 sarmentum.

281 1141 329 1196 58.
353 1144 372 1173 ‘⁸
386 1133 528 1204 Venialia,
543 1151 717 1208 quamquam
731 1142 806 1192 recte
827 1142 855 1192 et
867 1135 980 1203 utiliter,
995 1135 1119 1210 citraque
1133 1153 1249 1196 omnem
1262 1154 1335 1213 prae·

240 1237 432 1313 sumptionem
456 1235 487 1293 in
510 1234 690 1294 consessione
710 1232 848 1302 dicantur,
873 1234 950 1307 quod
970 1235 1083 1310 piorum
1097 1236 1248 1296 hominum
1261 1257 1332 1296 usus

240 1336 423 1405 demonstrat,
448 1336 535 1393 taceri
556 1343 650 1392 tamen
669 1333 740 1390 citra
752 1332 876 1409 culpam,
890 1333 1044 1406 multisque
1059 1335 1121 1393 aliis
1135 1335 1270 1396 remediis
1285 1355 1333 1395 ex·

240 1437 312 1516 piari
340 1426 511 1512 possunt.”¹
550 1434 594 1492 Ita
620 1432 725 1490 docent
749 1431 850 1490 Patres
877 1432 1051 1492 Tridentini.
1101 1435 1134 1492 Si
1160 1437 1224 1510 quis
1248 1437 1333 1495 unius

241 1533 407 1612 hujusmodi
420 1535 528 1609 peccati
543 1552 575 1591 se
589 1540 714 1599 accuset,
735 1550 801 1589 cum
824 1532 913 1590 animi
934 1530 1041 1600 dolore,
1063 1543 1168 1593 certam
1182 1537 1263 1612 ponit
1275 1554 1334 1594 ma·

244 1635 345 1692 teriam
371 1632 556 1690 absolutioni:
591 1650 645 1689 nec
666 1632 744 1689 enim
763 1649 883 1688 necesse
909 1639 953 1688 est
972 1640 1002 1688 ut
1028 1632 1063 1689 de
1090 1634 1221 1692 omnibus
1248 1635 1335 1694 simul

245 1733 349 1802 doleat,
363 1749 452 1805 quum
465 1733 575 1790 nullum
589 1749 687 1789 eorum
701 1749 768 1788 eum
783 1730 840 1788 Dei
854 1730 943 1806 gratia
957 1731 1058 1806 privat.

285 1835 334 1890 59.
363 1831 484 1889 Peccata
507 1830 636 1890 mortalia
660 1831 722 1907 jam
749 1831 869 1887 remissa
892 1835 1013 1906 possunt
1042 1831 1143 1889 iterum
1171 1831 1285 1899 deferri,
1307 1842 1338 1889 ut

244 1950 320 1992 noro
342 1931 430 1989 animi
449 1930 556 2000 dolore,
584 1939 613 1988 et
630 1931 676 1987 sui
699 1929 908 1998 humiliatione,
932 1931 1050 2006 gratiam
1072 1931 1240 2006 ampliorem
1261 1949 1337 1988 asse·

243 2040 343 2106 quatur
363 2032 517 2107 poenitens,
539 2051 555 2088 a
575 2036 693 2106 peccato
713 2029 836 2104 amplius
858 2027 980 2086 ablutus.
1025 2028 1136 2086 “Licet
1155 2028 1190 2086 de
1211 2031 1337 2088 necessi·

244 2141 299 2188 tate
326 2148 385 2188 non
406 2131 443 2187 sit
463 2133 566 2189 iterum
593 2127 693 2187 eadem
718 2128 847 2186 confiteri
877 2126 1024 2205 peccata,”
1052 2129 1144 2201 inquit
1164 2129 1337 2188 Benedictus
1401 2144 1402 2152 ¹

244 2229 298 2288 XI.
321 2237 447 2286 “tamen
467 2238 498 2287 ut
520 2227 677 2287 eorundem
703 2237 887 2305 peccatorum
907 2229 1022 2285 iteretur
1046 2228 1200 2297 confessio,
1227 2239 1338 2307 reputa·
1429 2251 1434 2258 ·

247 2347 313 2386 mus
335 2321 497 2385 salubro.”2
538 2326 610 2384 Haec
630 2327 740 2403 peccati
759 2327 863 2404 prioris
887 2327 1028 2385 accusatio
1057 2327 1123 2386 lacit
1150 2339 1182 2386 ut
1205 2339 1281 2387 certa
1301 2329 1339 2386 sit

249 2435 428 2484 sacramento
442 2426 566 2494 materia,
578 2423 666 2498 quum
681 2427 808 2498 alioquin
822 2425 856 2484 de
871 2426 968 2484 dolore
978 2427 1014 2483 ob
1028 2424 1126 2502 culpas
1140 2426 1264 2484 veniales
1279 2445 1338 2487 non

249 2525 334 2584 facile
361 2534 482 2594 constet,
512 2534 540 2582 et
560 2524 688 2583 nonnulli
715 2526 763 2583 vix
793 2527 906 2602 culpam
932 2533 1006 2582 certe
1034 2525 1175 2583 venialem
1201 2523 1338 2584 delerant.

250 2625 347 2692 Quum
366 2624 452 2702 igitur
472 2624 604 2684 sacerdos
625 2624 753 2683 dubitans
774 2623 809 2682 de
830 2625 946 2682 materia
965 2624 1011 2683 vel
1031 2624 1127 2683 dolore
1148 2635 1271 2697 nequeat
1292 2627 1340 2684 ab·

249 2725 371 2791 solvere,
392 2733 505 2803 praestat
525 2734 556 2783 ut
579 2735 688 2782 certum
718 2735 865 2800 peccatum
892 2725 952 2801 jam
984 2727 1136 2784 remissum
1162 2725 1338 2801 proseratur3

248 2824 299 2882 sed
313 2832 469 2882 etnecesse
492 2833 536 2881 est
555 2825 659 2882 iterum
682 2822 717 2881 dc
738 2842 773 2880 eo
787 2823 900 2883 dolere:
922 2843 988 2882 narn
1009 2833 1029 2860 “
1041 2834 1139 2902 peccat
1158 2826 1280 2902 graviter
1292 2825 1342 2898 qui

247 2923 333 2980 etiarn
350 2923 412 2980 sola
426 2923 556 2993 venialia,
577 2923 623 2980 vel
644 2923 705 2981 sola
726 2923 855 2981 mortalia
869 2921 939 2980 alitis
959 2924 1100 2991 confessa,
1115 2925 1176 2982 sine
1193 2909 1272 2983 omni
1285 2927 1341 2982 lor·

251 3021 320 3079 mali
345 3020 442 3080 dolore
468 3023 629 3088 confitetur,
651 3024 718 3094 quia
737 3041 795 3080 non
822 3023 903 3097 pouit
935 3023 1082 3081 materiam
1108 3026 1286 3091 sacramenti,
1314 3033 1342 3080 et

251 3121 352 3179 saltem
365 3121 492 3197 periculo
506 3121 649 3198 sacrilegii
671 3141 701 3180 se
716 3123 834 3197 exponit
843 3115 890 3176 :”³
910 3130 1083 3197 quapropter
1097 3120 1292 3179 animadvertit
1305 3121 1338 3180 S.

248 3220 414 3295 Alphonsus
427 3221 595 3279 confessarii
609 3222 639 3279 in
658 3239 692 3279 eo
706 3219 862 3279 desiderari
876 3221 1071 3296 diligentiam
1093 3237 1156 3292 quae
1170 3221 1195 3278 si
1209 3218 1340 3290 defuerit,

251 3319 380 3396 plurimae
394 3329 476 3379 erunt
496 3307 692 3379 consessiones
713 3320 807 3378 nulla.
851 3328 870 3355 “
880 3319 1034 3388 Caeterum,
1049 3339 1115 3378 cum
1128 3320 1269 3396 poenitens
1283 3339 1342 3380 non

251 3418 297 3476 dat
321 3421 467 3478 materiam
494 3430 611 3488 certam,
633 3438 691 3477 non
717 3428 827 3477 tenetur
849 3419 1038 3478 confessarius
1058 3439 1121 3477 eam
1147 3421 1297 3493 exquirere
1311 3429 1342 3477 ut

251 3518 397 3588 absolvat3
419 3529 447 3578 et
460 3538 527 3591 casu
541 3539 598 3593 quo
612 3519 790 3592 exquisierit,
805 3530 833 3576 et
846 3537 902 3577 non
917 3519 1053 3595 repererit
1065 3527 1169 3577 certam
1182 3521 1340 3588 materiam,

250 3619 288 3676 ait
300 3618 417 3696 Sporer,
431 3638 464 3676 ne
477 3622 525 3676 56.
541 3638 598 3677 non
613 3627 723 3676 tenetur
736 3619 883 3677 absolvere
906 3619 959 3677 sub
981 3619 1154 3689 conditione,
1170 3640 1234 3679 cum
1251 3621 1341 3697 preni-

250 3727 312 3774 tens
326 3728 393 3776 tunc
416 3716 526 3776 nullum
549 3720 598 3796 jus
619 3729 726 3776 certum
745 3717 847 3776 habeat
872 3719 907 3777 ad
928 3720 1017 3788 illam,
1040 3719 1154 3793 quando
1176 3740 1235 3780 non
1259 3719 1340 3779 affert

250 3819 396 3876 materiam
410 3825 525 3885 certam,
540 3818 641 3876 saltem
655 3817 739 3876 dubie
754 3819 978 3878 necessariam.’'
1035 3819 1155 3886 Quoties
1170 3841 1244 3879 nova
1258 3820 1339 3878 datur

251 3913 400 3984 absolutio,
414 3917 555 3993 pracedat
574 3917 719 3975 confessio
738 3937 856 3975 necesse
877 3927 930 3986 est,
944 3938 1009 3976 nam
1024 3936 1099 3977 nova
1112 3920 1259 3978 sententiae
1275 3936 1339 3993 pro·

249 4013 319 4071 latio
332 4015 524 4092 coguitionem
545 4035 638 4075 causae
661 4017 798 4089 sequitur.
840 4017 879 4074 At
892 4017 917 4074 si
930 4017 1030 4074 eadem
1044 4027 1169 4093 peccata,
1194 4034 1258 4089 qua
1276 4017 1339 4093 jam

285 4235 329 4302 (1)
348 4234 414 4299 Sese.
426 4235 475 4286 xiv.
487 4251 540 4300 cap.
552 4251 575 4284 v.
587 4236 617 4286 de
625 4235 716 4304 poenr‘l.

286 4321 328 4386 (2)
347 4320 449 4370 Extrem
461 4321 478 4369 l.
489 4320 518 4370 de
525 4321 645 4390 privileg.
657 4326 681 4382 ς.
697 4322 795 4381 Verum,
802 4320 831 4370 in
836 4319 888 4386 fin.

286 4405 329 4469 (3)
348 4402 524 4466 Busembaum,
535 4405 600 4471 apud
612 4405 638 4453 S.
651 4404 726 4469 Alph.
742 4405 757 4454 l.
770 4405 801 4454 vi.
813 4421 838 4454 n.
850 4406 909 4452 433.
996 4404 1037 4470 (4)
1058 4401 1084 4451 S.
1095 4402 1170 4468 Alph.
1180 4403 1195 4454 l.
1207 4405 1238 4455 vi.
1251 4420 1276 4455 n.
1288 4406 1345 4455 432.

292 4499 370 4559 Von.
385 4500 525 4560 tlt-15
