3144 5192
267 531 327 588 224
526 525 583 586 DE
604 526 789 590 MUNERE
811 525 1100 596 CONFESSARII.

711 1067 853 1128 CAPUT
873 1069 912 1128 X.

606 1281 645 1322 DE
665 1283 789 1324 »tunnas
809 1283 1015 1324 CONFESSARH·

547 1442 572 1518 §.
588 1441 612 1500 1.
654 1441 703 1500 Dn
716 1461 909 1502 conrnssarur
926 1459 1076 1500 screnum.

304 1597 375 1650 213.
397 1591 573 1664 Confessarii
584 1592 664 1650 dotes
678 1593 724 1651 his
738 1595 869 1652 versibus
884 1593 1024 1652 enuntiari
1036 1591 1146 1650 solent:

454 1789 499 1849 Sit
510 1790 625 1866 probus,
639 1799 668 1847 et
681 1791 759 1849 fortis
773 1791 932 1860 consessor,
947 1790 1041 1863 sitque
1055 1789 1173 1865 peritus,

452 1890 614 1957 Discretus,
628 1890 749 1965 patiens,
764 1891 850 1959 mitis,
865 1892 942 1967 pius,
953 1879 1037 1961 atque
1051 1888 1154 1946 fidelis.

265 2073 391 2144 Scientia
405 2088 543 2164 imprimis
557 2087 717 2144 neccssaria
730 2097 782 2155 est,
793 2097 826 2144 ut
838 2088 902 2160 quis
919 2106 1035 2146 munere
1048 2087 1103 2146 hoc
1118 2095 1192 2144 recte
1201 2084 1351 2159 fungatur3

262 2185 313 2242 sed
329 2195 360 2243 ut
372 2185 464 2243 valeat
473 2185 622 2254 absolutio,
633 2186 701 2243 satis
712 2197 757 2245 est
769 2197 801 2245 ut
810 2190 875 2260 quis
889 2188 960 2246 sciat
968 2206 1030 2245 eam
1041 2185 1175 2263 prolerre,
1187 2182 1256 2240 etde
1270 2192 1351 2239 actus

263 2286 398 2361 gravitate
412 2285 510 2343 morali
526 2295 610 2358 queat
623 2285 802 2359 aliquatenus
811 2287 950 2365 judicare,
959 2287 1055 2363 gravia
1066 2305 1082 2343 a
1094 2284 1202 2342 levibus
1216 2281 1351 2358 peccatis,

263 2385 293 2444 in
306 2385 341 2443 iis
356 2404 418 2458 quae
432 2387 621 2444 communiter
633 2397 792 2454 occurrunt,
806 2386 1024 2463 distinguendo:
1047 2392 1221 2460 quapropter
1237 2382 1287 2439 vix
1307 2389 1351 2436 est

262 2485 309 2543 cui
322 2485 403 2543 deest
416 2485 533 2543 scientia
546 2483 581 2542 ad
594 2485 718 2544 valorem
740 2486 908 2544 sacramenti
930 2485 1096 2544 necessaria.
1138 2482 1179 2540 Ut
1191 2481 1299 2539 licitum
1313 2479 1351 2536 sit

263 2586 388 2642 muneris
410 2583 497 2661 hujus
521 2584 698 2650 exercitium,
719 2584 803 2661 longe
826 2585 918 2661 major
942 2584 1094 2659 requiritur
1112 2581 1250 2647 scientia;
1281 2597 1349 2638 nam

261 2683 334 2738 scire
348 2691 458 2757 oportet
479 2682 571 2757 legem
594 2680 733 2754 divinam,
749 2682 889 2740 Ecclesiae
903 2692 1054 2760 precepta,
1069 2691 1098 2742 et
1110 2697 1221 2740 morum
1235 2678 1347 2756 regulas

261 2778 417 2855 generales,
432 2787 463 2836 ut
476 2780 541 2852 quis
557 2778 667 2855 judicet
689 2779 725 2836 de
745 2781 879 2857 gravitate
893 2783 1055 2850 criminum,
1070 2790 1098 2840 et
1111 2780 1245 2840 oneribus
1258 2778 1348 2853 impo·

260 2875 372 2945 nendis,
387 2887 415 2934 et
436 2887 529 2937 utrum
552 2879 721 2953 poenitentes
744 2880 857 2955 possint
877 2881 1017 2941 absolvia
1037 2881 1182 2958 peccatis:
1204 2885 1348 2954 “oportet

259 2977 337 3036 enim
351 2986 382 3035 ut
394 2979 465 3037 sciat
486 2995 661 3056 cognoscere
684 2978 823 3052 quidquid
845 2981 929 3039 deber
943 2981 1085 3059 judicari:
1103 2978 1255 3057 judiciaria
1267 2977 1344 3034 enim

259 3087 385 3154 potestas
399 3076 454 3136 hoc
467 3078 601 3156 postulat,
615 3087 646 3136 ut
658 3078 736 3151 quod
756 3079 841 3137 debet
855 3080 995 3158 judicare,
1010 3072 1198 3138 discernat.”1
1238 3076 1346 3153 Optan-

258 3176 326 3235 dum
345 3187 390 3235 est
408 3197 470 3237 earn
498 3178 595 3236 haberi
621 3179 769 3236 scientiam
796 3180 1018 3254 eximiamque
1044 3178 1079 3237 de
1105 3177 1226 3255 singulis
1251 3194 1346 3233 rerum

257 3277 403 3334 eventibus
413 3276 555 3354 judicium
569 3277 606 3334 sit
618 3277 771 3345 idoneum;
792 3279 844 3336 sed
858 3297 945 3352 quum
959 3280 1020 3338 haec
1034 3296 1188 3355 paucorum
1208 3276 1255 3344 sit,
1275 3275 1343 3332 satis

257 3375 310 3432 erit
319 3377 462 3453 praecipua
472 3395 604 3436 nosseex
618 3379 722 3449 quibus
735 3378 858 3453 pendeat
865 3397 959 3437 rerum
968 3377 1118 3456 judicium,
1128 3387 1156 3435 et
1165 3374 1345 3434 difficultates

256 3491 343 3549 posse
363 3474 597 3544 animadvertere,
618 3483 649 3533 ut
668 3476 782 3535 aliunde
803 3488 944 3550 queratur
962 3478 1076 3536 solutio.
1118 3476 1277 3548 Quousque
1297 3492 1346 3532 ex·

257 3571 386 3631 tendatur
398 3574 460 3649 ejus
474 3583 609 3649 potestas,
624 3583 652 3632 et
674 3575 776 3646 quibus
798 3576 921 3635 vinculis
942 3586 1104 3653 peccatores
1124 3566 1343 3652 adstringantur,

256 3667 364 3745 exlege
375 3671 510 3744 generali,
520 3673 565 3729 vel
575 3672 694 3748 speciali
704 3673 839 3732 ordinarii
851 3685 964 3744 statuto,
975 3676 1116 3751 irnprimis
1126 3661 1213 3734 nosse
1223 3682 1343 3751 oportet,

255 3785 292 3826 ne
317 3766 421 3826 limites
448 3769 676 3847 transgrediatur.
731 3773 842 3830 “Nulli
868 3774 1079 3843 sacerdotum‚'’
1102 3777 1140 3834 ait
1166 3773 1340 3832 Caelestinus

255 3867 402 3938 Pontifex,
431 3868 545 3928 “liceat
564 3888 689 3928 canones
717 3869 857 3946 ignorare,
884 3874 1115 3946 necquicquam
1141 3873 1246 3941 lacere,
1267 3869 1342 3945 quod

254 3978 365 4047 patrum
391 3969 482 4047 possit
505 3969 610 4047 regulis
636 3962 802 4027 obviare.”²
852 3972 1016 4045 Unicuique
1044 3974 1151 4032 idcirco
1174 3970 1341 4030 confessarii

254 4087 358 4130 munus
373 4070 508 4129 ambienti
520 4069 644 4129 studium
659 4068 827 4148 Theolcgiae
840 4072 960 4131 Moralis
973 4073 1218 4149 pernecessarium
1232 4080 1293 4128 est:
1315 4077 1343 4127 et

255 4169 439 4228 vehementer
458 4169 593 4230 falluntur
613 4170 661 4241 qui
686 4179 787 4247 putant
806 4190 893 4230 sensu
917 4181 1024 4230 tantum
1046 4191 1110 4240 suo,
1133 4190 1218 4244 quern
1239 4187 1341 4228 sensus

253 4269 415 4327 communis
429 4272 544 4330 nomine
558 4270 719 4348 dignantur,
734 4272 831 4330 omnia
844 4270 926 4331 facile
946 4270 1050 4330 dirimi.
1092 4271 1252 4329 Verissime
1272 4268 1342 4326 dicit

323 4484 367 4550 (l)
387 4483 449 4549 Cap.
460 4485 476 4535 i.
487 4486 541 4536 dist
552 4487 584 4538 vi.
593 4487 623 4539 dc
629 4500 720 4556 poenrt.
886 4493 927 4557 (2)
949 4491 1010 4555 Cap.
1024 4489 1103 4549 Nulli,
1114 4488 1162 4539 dist
1171 4489 1273 4539 xxxviii.
