3172 5172
576 598 578 600 ·
599 583 656 645 DE
678 583 987 646 CONTRITIONE.
1282 591 1338 647 139

252 753 393 812 firmatam
412 751 573 810 necessario
593 750 726 810 exhibet:
745 771 830 811 nemo
849 753 935 829 igitur
954 760 1053 830 posset
1072 751 1213 812 infernum
1234 753 1339 832 eligere

254 852 360 925 absque
374 859 500 928 peccato.
541 850 705 924 Aliquando
718 851 899 910 vehementia
911 851 1018 909 doloris
1039 852 1165 909 animum
1178 851 1259 911 valde
1274 871 1341 912 con·

254 951 351 1015 tritum
376 949 496 1009 indicat:
523 949 606 1006 sicuti
628 950 746 1026 contigit
766 951 907 1007 meretrici
927 950 1035 1008 scelera
1055 950 1089 1008 ad
1110 949 1199 1026 pedes
1220 952 1340 1012 Domini

255 1047 379 1108 deflenti.
422 1049 496 1126 Spes
517 1048 609 1106 veniae
622 1067 686 1106 cum
707 1049 874 1106 contritione
888 1046 1068 1126 conjuganda
1081 1057 1126 1106 est
1136 1045 1158 1116 3¹
1172 1049 1253 1109 dolor
1265 1054 1343 1110 enim

255 1149 303 1221 qui
317 1167 370 1225 spe
381 1157 468 1216 caret,
482 1148 571 1206 instar
583 1156 627 1204 est
639 1148 740 1205 animae
751 1149 891 1205 eruciatus
906 1165 963 1220 quo
977 1156 1142 1220 torquentur
1154 1148 1289 1209 damnati.

291 1251 340 1305 20.
363 1248 405 1306 Ut
424 1254 631 1305 sacramentum
654 1245 827 1322 poenitentiae
844 1246 1022 1322 suscipiatur,
1037 1247 1180 1315 contritio,
1204 1258 1341 1321 quatenus

255 1347 411 1422 generatim
424 1345 600 1421 intelligitur,
609 1344 770 1401 necessaria
782 1352 835 1412 est,
850 1343 922 1401 adeo
935 1352 966 1401 ut
977 1354 1098 1418 nequeat
1111 1346 1229 1422 suscipi,
1243 1349 1268 1405 si
1282 1348 1343 1406 haee

254 1443 337 1512 derit,
357 1445 425 1506 licet
444 1445 508 1517 quis
528 1451 608 1520 putet
627 1461 658 1499 se
678 1459 745 1500 vere
766 1442 861 1499 animo
882 1459 947 1499 esse
967 1444 1126 1501 contritum.
1179 1446 1238 1511 Qui
1257 1447 1343 1523 igitur

253 1543 397 1619 inculpate
423 1541 542 1609 accedit,
569 1541 667 1600 dolore
683 1541 856 1598 necessario
882 1557 991 1608 carens,
1019 1561 1035 1598 a
1060 1543 1201 1619 sacrilegii
1227 1545 1341 1618 quidem

256 1642 376 1699 crimine
389 1649 551 1709 excusatur,
566 1640 617 1698 sed
630 1639 741 1698 nullum
755 1640 1103 1716 suscipitsacramentum.

294 1744 344 1798 21.
367 1739 471 1799 Utrum
483 1739 550 1797 fidei
563 1748 591 1796 et
604 1740 667 1815 spei
681 1747 758 1797 actus
778 1757 836 1798 una
856 1758 922 1797 oum
941 1740 1121 1810 contritione,
1136 1741 1269 1802 eliciendi
1283 1744 1343 1803 sint

257 1837 429 1907 necessarii),
444 1837 510 1898 dum
525 1839 588 1912 quis
603 1837 637 1896 ad
650 1839 823 1915 poenitentiae
833 1846 1037 1897 sacramentum
1052 1858 1083 1896 se
1097 1841 1234 1917 disponit,
1249 1841 1344 1919 dispu-

255 1946 337 1996 tatur.
380 1939 449 1996 Non
463 1937 545 1995 facile
559 1937 715 1996 ostenditur
728 1937 848 2021 speciali
867 1938 962 2010 aliqua
974 1937 1037 2014 lege
1050 1957 1192 2013 quemque
1207 1941 1295 1998 teneri
1309 1940 1344 1999 ad

257 2055 305 2095 eos
319 2057 352 2096 ea
365 2037 514 2095 occasione
528 2037 702 2094 eliciendos:
724 2037 776 2094 sed
789 2045 900 2112 oportet
918 2045 950 2094 ut
968 2055 1006 2094 ex
1026 2037 1082 2096 tide
1096 2047 1125 2095 et
1137 2056 1188 2114 spo
1200 2049 1346 2098 moveatur

257 2135 413 2194 adveniam
427 2137 456 2194 in
470 2147 646 2194 sacramento
660 2135 856 2209 querendam:
878 2155 932 2195 nec
952 2137 1029 2195 enim
1043 2155 1081 2195 ex
1094 2147 1172 2195 motu
1186 2139 1304 2199 naturali
1318 2149 1347 2196 et

259 2235 385 2294 humano
406 2235 534 2293 salutaris
554 2236 684 2294 contritio
704 2235 803 2293 haberi
822 2245 926 2312 potest.
970 2236 1125 2310 Utriusque
1145 2237 1255 2296 virtutis
1269 2249 1346 2298 actus

258 2334 325 2410 ipso
338 2333 513 2392 contritionis
526 2351 612 2393 sensu
626 2335 765 2393 contineri
786 2334 886 2407 liquet,
906 2334 971 2392 ideo
984 2335 1060 2392 enim
1074 2353 1216 2409 quemque
1230 2339 1347 2412 poenitet

259 2430 438 2500 delictorum,
466 2432 542 2503 quod
555 2432 651 2491 Deum
665 2433 806 2492 vindicem
821 2440 963 2509 agnoscat,
973 2451 1107 2506 eumque
1122 2435 1270 2509 poenitenti
1284 2454 1347 2512 pro-

257 2531 359 2608 pitium
373 2531 433 2590 fore
446 2541 550 2608 speret
593 2533 682 2609 Igitur
695 2534 834 2610 optimum
848 2541 892 2590 est
903 2531 970 2590 fidei
983 2532 1101 2607 speique
1116 2541 1194 2589 actus
1205 2534 1346 2608 speciales

257 2631 369 2700 elicere,
393 2631 461 2689 dum
485 2631 549 2705 quis
577 2633 752 2690 contritionis
773 2641 882 2690 motum
901 2632 1026 2690 excitare
1046 2629 1149 2700 studet,
1174 2631 1226 2690 sed
1251 2634 1346 2692 animo

259 2749 346 2790 nemo
358 2739 401 2789 est
414 2730 562 2808 ungendus
577 2729 611 2789 de
625 2732 661 2789 iis
675 2731 750 2790 haud
764 2732 926 2808 specialiter
938 2732 1050 2790 elicitis.

293 2835 343 2888 22.
367 2829 470 2888 Gravis
491 2830 540 2889 diu
561 2829 614 2888 fuit
633 2830 876 2908 inter-theologos
890 2832 1092 2900 controversia,
1113 2841 1207 2892 utrum
1229 2835 1342 2902 attritio,

258 2927 340 2986 dolor
354 2928 462 2986 scilicet
474 2945 511 2988 ex
524 2929 624 2988 timore
638 2949 788 3006 poenarum
802 2939 967 3007 conceptus,
982 2930 1124 2989 sufficeret
1137 2931 1171 2988 ad
1192 2935 1304 2992 veniam
1318 2935 1348 2992 in

259 3035 437 3085 sacramento
457 3028 675 3101 assequendam.
715 3028 831 3087 Peccati
859 3029 1075 3087 detestationem
1103 3031 1220 3088 omnino
1242 3033 1348 3105 requiri

256 3127 329 3203 apud
344 3127 477 3185 omnibus
497 3136 551 3186 res
563 3136 607 3184 est
625 3129 788 3204 explorata3
803 3145 888 3186 nemo
902 3127 979 3185 enim
994 3127 1082 3184 veniae
1097 3126 1217 3184 idoneus
1230 3137 1284 3196 est,
1299 3133 1348 3201 qui

258 3227 355 3285 animo
368 3226 493 3285 adhaeret
505 3234 633 3304 peccato,
644 3226 772 3300 illudque
786 3227 871 3284 vellet
883 3223 993 3303 patrare
1004 3225 1062 3283 nisi
1071 3245 1163 3302 poenae
1174 3245 1240 3285 eum
1254 3245 1349 3286 mane·

258 3335 338 3406 rent:
360 3325 410 3384 sed
423 3325 485 3384 fieri
505 3317 600 3403 potest
622 3335 652 3384 ut
672 3326 806 3385 affectum
827 3326 966 3402 peccandi
985 3325 1117 3402 deponat,
1139 3344 1176 3384 ex
1198 3328 1262 3404 ipso
1282 3346 1349 3405 sup·

258 3424 407 3500 pliciorum
421 3434 509 3494 metu,
524 3433 552 3482 et
565 3433 623 3484 toto
637 3425 733 3484 animo
747 3445 763 3482 a
776 3435 895 3502 peccato
909 3425 1065 3494 abhorreat,
1080 3423 1156 3497 quod
1166 3424 1247 3484 Deus
1257 3426 1349 3503 judex

254 3525 350 3600 justus
365 3524 436 3584 adeo
450 3523 604 3582 detestatur
616 3531 644 3582 et
657 3526 748 3600 punit.
778 3525 912 3597 Plerique
927 3525 1054 3602 theologi
1068 3532 1164 3583 tenent
1177 3527 1348 3586 attritionem

258 3624 389 3683 sufficere
410 3632 443 3682 ut
465 3624 529 3696 quis
551 3624 580 3681 in
601 3635 779 3683 sacramento
792 3625 905 3683 veniam
920 3625 1068 3702 impetret:
1089 3643 1155 3684 nam
1169 3625 1270 3684 affectu
1283 3646 1349 3704 peo·

259 3723 343 3781 candi
356 3722 498 3800 deposito,
513 3723 587 3782 obex
602 3723 717 3791 tollitur,
732 3725 804 3784 adeo
824 3733 855 3782 ut
875 3726 1044 3783 sacramenti
1063 3727 1152 3802 gratia
1168 3745 1252 3786 suum
1266 3727 1350 3788 effec-

259 3829 319 3880 tum
333 3823 470 3896 consequi
484 3823 585 3899 possit.
627 3822 661 3880 Id
684 3841 721 3881 ex
742 3823 870 3883 doctrina
893 3825 1062 3884 Tridentina
1076 3827 1220 3899 sequitur:
1243 3825 1349 3884 “illam

259 3917 326 3976 verd
340 3923 539 3980 contritionem
552 3921 757 3998 imperfectam,
780 3925 842 3997 quae
856 3925 959 3982 attritio
972 3923 1084 3992 dicitur,
1105 3927 1241 3997 quoniam
1254 3923 1299 3980 vel
1312 3942 1349 3982 ex

217 4042 221 4050 ¹
261 4019 442 4095 turpitudinis
468 4021 576 4098 peceati
597 4023 834 4090 consideratione,
858 4023 905 4081 vel
931 4041 968 4080 ex
988 4022 1127 4100 gehennae
1147 4032 1176 4081 et
1196 4039 1349 4096 paenarum

259 4127 337 4178 metu
351 4122 541 4180 communiter
555 4122 723 4199 concipitur,
745 4123 770 4179 si
784 4122 958 4179 uoluntatem
971 4119 1107 4197 peccandi
1120 4116 1261 4186 excludat,
1283 4138 1347 4178 oum

257 4235 309 4294 spe
323 4221 431 4284 veniaet
454 4219 578 4279 declarat
599 4219 887 4302 (sanctasynodus)
902 4237 960 4277 non
973 4220 1067 4277 solum
1081 4217 1243 4276 nonfacere
1257 4218 1349 4278 homi·

256 4335 324 4378 nem
337 4319 530 4398 hypocritam,
555 4322 599 4380 vel
619 4322 712 4398 magis
736 4327 924 4396 peecatorem,
940 4333 1045 4376 'verum
1066 4316 1151 4376 etiam
1170 4315 1277 4378 donum
1291 4319 1348 4378 Dei

573 4543 615 4609 (1)
634 4541 712 4596 Cone.
723 4539 791 4590 Trid.
802 4539 867 4591 Sess.
878 4538 928 4589 xiv.
939 4554 991 4606 cap.
1002 4538 1034 4588 iv.
