<?xml version="1.0" encoding="UTF-8"?>
<!DOCTYPE html PUBLIC "-//W3C//DTD XHTML 1.0 Transitional//EN"
    "http://www.w3.org/TR/xhtml1/DTD/xhtml1-transitional.dtd">
<html xmlns="http://www.w3.org/1999/xhtml" xml:lang="en" lang="en">
 <head>
  <title>
</title>
<meta http-equiv="Content-Type" content="text/html;charset=utf-8" />
  <meta name='ocr-system' content='tesseract 3.04.00' />
  <meta name='ocr-capabilities' content='ocr_page ocr_carea ocr_par ocr_line ocrx_word'/>
</head>
<body>
  <div class='ocr_page' id='page_1' title='image "./theologiaemoral02kenrgoog_0066.png"; bbox 0 0 3124 5168; ppageno 0'>
   <div class='ocr_carea' id='block_1_1' title="bbox 341 547 1311 612">
    <p class='ocr_par' dir='ltr' id='par_1_1' title="bbox 341 547 1311 612">
     <span class='ocr_line' id='line_1_1' title="bbox 341 547 1311 612; baseline 0 -2"><span class='ocrx_word' id='word_1_1' title='bbox 341 550 397 610; x_wconf 86' lang='lat' dir='ltr'>DE</span> <span class='ocrx_word' id='word_1_2' title='bbox 418 548 785 612; x_wconf 82' lang='lat' dir='ltr'>DISPOSITIONIBUS</span> <span class='ocrx_word' id='word_1_3' title='bbox 806 547 1181 611; x_wconf 79' lang='lat' dir='ltr'><strong>BAPTIZANDORUM.</strong></span> <span class='ocrx_word' id='word_1_4' title='bbox 1272 555 1311 610; x_wconf 83' lang='grc'>47</span> 
     </span>
    </p>
   </div>
   <div class='ocr_carea' id='block_1_2' title="bbox 660 1049 876 1114">
    <p class='ocr_par' dir='ltr' id='par_1_2' title="bbox 660 1049 876 1114">
     <span class='ocr_line' id='line_1_2' title="bbox 660 1049 876 1114; baseline 0.009 -4"><span class='ocrx_word' id='word_1_5' title='bbox 660 1049 802 1113; x_wconf 80' lang='lat' dir='ltr'>CAPUT</span> <span class='ocrx_word' id='word_1_6' title='bbox 822 1050 876 1114; x_wconf 91' lang='lat' dir='ltr'>VI.</span> 
     </span>
    </p>
   </div>
   <div class='ocr_carea' id='block_1_3' title="bbox 471 1267 1065 1313">
    <p class='ocr_par' dir='ltr' id='par_1_3' title="bbox 471 1267 1065 1313">
     <span class='ocr_line' id='line_1_3' title="bbox 471 1267 1065 1313; baseline 0.01 -6"><span class='ocrx_word' id='word_1_7' title='bbox 471 1267 510 1308; x_wconf 73' lang='lat' dir='ltr'>DE</span> <span class='ocrx_word' id='word_1_8' title='bbox 531 1267 786 1310; x_wconf 69' lang='lat' dir='ltr'>nrsrosn‘toumus</span> <span class='ocrx_word' id='word_1_9' title='bbox 804 1267 1065 1313; x_wconf 67' lang='lat' dir='ltr'>cantumerula.</span> 
     </span>
    </p>
   </div>
   <div class='ocr_carea' id='block_1_4' title="bbox 206 1429 1323 4390">
    <p class='ocr_par' dir='ltr' id='par_1_4' title="bbox 223 1429 1320 3492">
     <span class='ocr_line' id='line_1_4' title="bbox 264 1429 1312 1508; baseline 0.002 -16"><span class='ocrx_word' id='word_1_10' title='bbox 264 1437 314 1492; x_wconf 84' lang='grc'>35.</span> <span class='ocrx_word' id='word_1_11' title='bbox 335 1430 393 1498; x_wconf 83' lang='lat' dir='ltr'>Qui</span> <span class='ocrx_word' id='word_1_12' title='bbox 403 1447 487 1489; x_wconf 87' lang='lat' dir='ltr'>usum</span> <span class='ocrx_word' id='word_1_13' title='bbox 500 1429 619 1488; x_wconf 86' lang='lat' dir='ltr'>rationis</span> <span class='ocrx_word' id='word_1_14' title='bbox 629 1430 744 1498; x_wconf 89' lang='lat' dir='ltr'>habent,</span> <span class='ocrx_word' id='word_1_15' title='bbox 755 1429 928 1506; x_wconf 86' lang='lat' dir='ltr'>baptismum</span> <span class='ocrx_word' id='word_1_16' title='bbox 939 1449 998 1491; x_wconf 88' lang='lat' dir='ltr'>uon</span> <span class='ocrx_word' id='word_1_17' title='bbox 1010 1441 1131 1508; x_wconf 89' lang='lat' dir='ltr'>possunt</span> <span class='ocrx_word' id='word_1_18' title='bbox 1142 1451 1207 1492; x_wconf 88' lang='lat' dir='ltr'>oum</span> <span class='ocrx_word' id='word_1_19' title='bbox 1221 1435 1312 1494; x_wconf 80' lang='lat' dir='ltr'>fructu</span> 
     </span>
     <span class='ocr_line' id='line_1_5' title="bbox 224 1527 1313 1610; baseline 0.001 -19"><span class='ocrx_word' id='word_1_20' title='bbox 224 1534 361 1609; x_wconf 88' lang='lat' dir='ltr'>recipere,</span> <span class='ocrx_word' id='word_1_21' title='bbox 382 1531 439 1590; x_wconf 87' lang='lat' dir='ltr'>nisi</span> <span class='ocrx_word' id='word_1_22' title='bbox 459 1527 574 1586; x_wconf 83' lang='lat' dir='ltr'>credant</span> <span class='ocrx_word' id='word_1_23' title='bbox 585 1527 654 1588; x_wconf 88' lang='lat' dir='ltr'>fidei</span> <span class='ocrx_word' id='word_1_24' title='bbox 666 1529 839 1600; x_wconf 87' lang='lat' dir='ltr'>veritatibus,</span> <span class='ocrx_word' id='word_1_25' title='bbox 862 1539 891 1588; x_wconf 89' lang='lat' dir='ltr'>et</span> <span class='ocrx_word' id='word_1_26' title='bbox 910 1529 1024 1590; x_wconf 91' lang='lat' dir='ltr'>doleant</span> <span class='ocrx_word' id='word_1_27' title='bbox 1037 1531 1133 1591; x_wconf 87' lang='lat' dir='ltr'>animo</span> <span class='ocrx_word' id='word_1_28' title='bbox 1146 1533 1183 1591; x_wconf 93' lang='lat' dir='ltr'>ob</span> <span class='ocrx_word' id='word_1_29' title='bbox 1197 1547 1313 1610; x_wconf 84' lang='lat' dir='ltr'>peccata</span> 
     </span>
     <span class='ocr_line' id='line_1_6' title="bbox 226 1627 1314 1708; baseline 0 -18"><span class='ocrx_word' id='word_1_30' title='bbox 226 1631 366 1692; x_wconf 85' lang='lat' dir='ltr'>admissa:</span> <span class='ocrx_word' id='word_1_31' title='bbox 388 1627 440 1687; x_wconf 91' lang='lat' dir='ltr'>sed</span> <span class='ocrx_word' id='word_1_32' title='bbox 452 1647 506 1706; x_wconf 91' lang='lat' dir='ltr'>pro</span> <span class='ocrx_word' id='word_1_33' title='bbox 527 1628 617 1686; x_wconf 77' lang='lat' dir='ltr'>atatis</span> <span class='ocrx_word' id='word_1_34' title='bbox 639 1628 758 1696; x_wconf 90' lang='lat' dir='ltr'>ratione,</span> <span class='ocrx_word' id='word_1_35' title='bbox 779 1640 808 1686; x_wconf 92' lang='lat' dir='ltr'>et</span> <span class='ocrx_word' id='word_1_36' title='bbox 826 1647 922 1688; x_wconf 88' lang='lat' dir='ltr'>rerum</span> <span class='ocrx_word' id='word_1_37' title='bbox 937 1629 1077 1708; x_wconf 88' lang='lat' dir='ltr'>adjunctis</span> <span class='ocrx_word' id='word_1_38' title='bbox 1091 1631 1203 1708; x_wconf 84' lang='lat' dir='ltr'><strong>plenior</strong></span> <span class='ocrx_word' id='word_1_39' title='bbox 1215 1633 1314 1691; x_wconf 87' lang='lat' dir='ltr'>notitia</span> 
     </span>
     <span class='ocr_line' id='line_1_7' title="bbox 225 1726 1313 1809; baseline -0.002 -19"><span class='ocrx_word' id='word_1_40' title='bbox 225 1731 358 1809; x_wconf 81' lang='lat' dir='ltr'>exigitur.</span> <span class='ocrx_word' id='word_1_41' title='bbox 399 1728 460 1786; x_wconf 81' lang='lat' dir='ltr'>Vix</span> <span class='ocrx_word' id='word_1_42' title='bbox 481 1745 519 1785; x_wconf 86' lang='lat' dir='ltr'>ex</span> <span class='ocrx_word' id='word_1_43' title='bbox 538 1726 657 1788; x_wconf 85' lang='lat' dir='ltr'>infantia</span> <span class='ocrx_word' id='word_1_44' title='bbox 675 1729 783 1804; x_wconf 78' lang='lat' dir='ltr'>egressi</span> <span class='ocrx_word' id='word_1_45' title='bbox 804 1729 980 1806; x_wconf 81' lang='lat' dir='ltr'>baptizantur</span> <span class='ocrx_word' id='word_1_46' title='bbox 1001 1730 1102 1788; x_wconf 79' lang='lat' dir='ltr'>imbuti</span> <span class='ocrx_word' id='word_1_47' title='bbox 1123 1729 1180 1788; x_wconf 90' lang='lat' dir='ltr'>Dei</span> <span class='ocrx_word' id='word_1_48' title='bbox 1192 1741 1222 1790; x_wconf 88' lang='lat' dir='ltr'>et</span> <span class='ocrx_word' id='word_1_49' title='bbox 1234 1749 1313 1808; x_wconf 85' lang='lat' dir='ltr'>mys·</span> 
     </span>
     <span class='ocr_line' id='line_1_8' title="bbox 225 1826 1315 1904; baseline 0 -16"><span class='ocrx_word' id='word_1_50' title='bbox 225 1831 359 1890; x_wconf 87' lang='lat' dir='ltr'>teriorum</span> <span class='ocrx_word' id='word_1_51' title='bbox 380 1827 481 1886; x_wconf 81' lang='lat' dir='ltr'>SSmae</span> <span class='ocrx_word' id='word_1_52' title='bbox 502 1826 660 1896; x_wconf 76' lang='lat' dir='ltr'>Trinitatis,</span> <span class='ocrx_word' id='word_1_53' title='bbox 681 1839 711 1886; x_wconf 89' lang='lat' dir='ltr'>et</span> <span class='ocrx_word' id='word_1_54' title='bbox 730 1827 950 1904; x_wconf 88' lang='lat' dir='ltr'>Redemptionis</span> <span class='ocrx_word' id='word_1_55' title='bbox 971 1829 1080 1896; x_wconf 89' lang='lat' dir='ltr'>notitia,</span> <span class='ocrx_word' id='word_1_56' title='bbox 1101 1829 1192 1901; x_wconf 88' lang='lat' dir='ltr'>qualis</span> <span class='ocrx_word' id='word_1_57' title='bbox 1213 1841 1315 1888; x_wconf 76' lang='lat' dir='ltr'>tenerae</span> 
     </span>
     <span class='ocr_line' id='line_1_9' title="bbox 223 1924 1313 2005; baseline -0.004 -17"><span class='ocrx_word' id='word_1_58' title='bbox 223 1930 298 1988; x_wconf 75' lang='lat' dir='ltr'>etati</span> <span class='ocrx_word' id='word_1_59' title='bbox 310 1927 453 1994; x_wconf 81' lang='lat' dir='ltr'>convenit,</span> <span class='ocrx_word' id='word_1_60' title='bbox 467 1935 497 1983; x_wconf 92' lang='lat' dir='ltr'>et</span> <span class='ocrx_word' id='word_1_61' title='bbox 513 1924 651 1998; x_wconf 92' lang='lat' dir='ltr'>quidquid</span> <span class='ocrx_word' id='word_1_62' title='bbox 671 1926 737 1986; x_wconf 89' lang='lat' dir='ltr'>Deo</span> <span class='ocrx_word' id='word_1_63' title='bbox 756 1926 887 2004; x_wconf 91' lang='lat' dir='ltr'>displicet</span> <span class='ocrx_word' id='word_1_64' title='bbox 899 1928 1073 2005; x_wconf 76' lang='lat' dir='ltr'>rejicientes.</span> <span class='ocrx_word' id='word_1_65' title='bbox 1115 1927 1165 1984; x_wconf 83' lang='lat' dir='ltr'>Sic</span> <span class='ocrx_word' id='word_1_66' title='bbox 1178 1926 1313 1997; x_wconf 84' lang='lat' dir='ltr'>etmdes,</span> 
     </span>
     <span class='ocr_line' id='line_1_10' title="bbox 226 2025 1314 2105; baseline -0.003 -17"><span class='ocrx_word' id='word_1_67' title='bbox 226 2029 382 2105; x_wconf 85' lang='lat' dir='ltr'>praesertim</span> <span class='ocrx_word' id='word_1_68' title='bbox 396 2027 469 2085; x_wconf 91' lang='lat' dir='ltr'>inter</span> <span class='ocrx_word' id='word_1_69' title='bbox 481 2025 633 2100; x_wconf 88' lang='lat' dir='ltr'>mancipia,</span> <span class='ocrx_word' id='word_1_70' title='bbox 653 2027 703 2100; x_wconf 91' lang='lat' dir='ltr'>qui</span> <span class='ocrx_word' id='word_1_71' title='bbox 715 2026 875 2104; x_wconf 86' lang='lat' dir='ltr'>pleniorem</span> <span class='ocrx_word' id='word_1_72' title='bbox 888 2028 1105 2086; x_wconf 79' lang='lat' dir='ltr'>instructionem</span> <span class='ocrx_word' id='word_1_73' title='bbox 1118 2044 1175 2084; x_wconf 90' lang='lat' dir='ltr'>non</span> <span class='ocrx_word' id='word_1_74' title='bbox 1190 2028 1314 2103; x_wconf 85' lang='lat' dir='ltr'>capiunt,</span> 
     </span>
     <span class='ocr_line' id='line_1_11' title="bbox 226 2124 1315 2206; baseline -0.002 -20"><span class='ocrx_word' id='word_1_75' title='bbox 226 2136 348 2206; x_wconf 87' lang='lat' dir='ltr'>possunt</span> <span class='ocrx_word' id='word_1_76' title='bbox 361 2125 396 2184; x_wconf 88' lang='lat' dir='ltr'>ad</span> <span class='ocrx_word' id='word_1_77' title='bbox 415 2124 588 2200; x_wconf 90' lang='lat' dir='ltr'>baptismum</span> <span class='ocrx_word' id='word_1_78' title='bbox 608 2124 728 2195; x_wconf 82' lang='lat' dir='ltr'>admitti,</span> <span class='ocrx_word' id='word_1_79' title='bbox 751 2125 909 2186; x_wconf 88' lang='lat' dir='ltr'>dummodo</span> <span class='ocrx_word' id='word_1_80' title='bbox 929 2145 997 2184; x_wconf 84' lang='lat' dir='ltr'>vere</span> <span class='ocrx_word' id='word_1_81' title='bbox 1017 2125 1144 2194; x_wconf 88' lang='lat' dir='ltr'>credant,</span> <span class='ocrx_word' id='word_1_82' title='bbox 1168 2137 1197 2184; x_wconf 91' lang='lat' dir='ltr'>et</span> <span class='ocrx_word' id='word_1_83' title='bbox 1210 2128 1315 2186; x_wconf 88' lang='lat' dir='ltr'>avitiis</span> 
     </span>
     <span class='ocr_line' id='line_1_12' title="bbox 226 2223 1316 2303; baseline -0.002 -16"><span class='ocrx_word' id='word_1_84' title='bbox 226 2227 403 2288; x_wconf 82' lang='lat' dir='ltr'>abhorreant.</span> <span class='ocrx_word' id='word_1_85' title='bbox 444 2223 563 2283; x_wconf 86' lang='lat' dir='ltr'>Plenior</span> <span class='ocrx_word' id='word_1_86' title='bbox 581 2223 729 2284; x_wconf 79' lang='lat' dir='ltr'>instructio</span> <span class='ocrx_word' id='word_1_87' title='bbox 748 2223 890 2303; x_wconf 80' lang='lat' dir='ltr'>exigenda</span> <span class='ocrx_word' id='word_1_88' title='bbox 902 2236 947 2284; x_wconf 91' lang='lat' dir='ltr'>est</span> <span class='ocrx_word' id='word_1_89' title='bbox 959 2245 976 2283; x_wconf 86' lang='lat' dir='ltr'>a</span> <span class='ocrx_word' id='word_1_90' title='bbox 988 2226 1145 2302; x_wconf 89' lang='lat' dir='ltr'>plerisque,</span> <span class='ocrx_word' id='word_1_91' title='bbox 1159 2227 1316 2303; x_wconf 76' lang='lat' dir='ltr'>presertim</span> 
     </span>
     <span class='ocr_line' id='line_1_13' title="bbox 226 2323 1316 2402; baseline -0.003 -17"><span class='ocrx_word' id='word_1_92' title='bbox 226 2327 262 2385; x_wconf 91' lang='lat' dir='ltr'>de</span> <span class='ocrx_word' id='word_1_93' title='bbox 276 2323 454 2402; x_wconf 82' lang='lat' dir='ltr'>dogmatibus</span> <span class='ocrx_word' id='word_1_94' title='bbox 467 2324 670 2390; x_wconf 86' lang='lat' dir='ltr'>controversis,</span> <span class='ocrx_word' id='word_1_95' title='bbox 683 2341 720 2382; x_wconf 89' lang='lat' dir='ltr'>ne</span> <span class='ocrx_word' id='word_1_96' title='bbox 733 2324 931 2384; x_wconf 71' lang='lat' dir='ltr'>hereticorum</span> <span class='ocrx_word' id='word_1_97' title='bbox 951 2324 1019 2383; x_wconf 92' lang='lat' dir='ltr'>dolo</span> <span class='ocrx_word' id='word_1_98' title='bbox 1039 2345 1056 2382; x_wconf 86' lang='lat' dir='ltr'>a</span> <span class='ocrx_word' id='word_1_99' title='bbox 1077 2325 1135 2383; x_wconf 89' lang='lat' dir='ltr'>fide</span> <span class='ocrx_word' id='word_1_100' title='bbox 1155 2335 1256 2401; x_wconf 88' lang='lat' dir='ltr'>postea</span> <span class='ocrx_word' id='word_1_101' title='bbox 1269 2327 1316 2383; x_wconf 90' lang='lat' dir='ltr'>ab·</span> 
     </span>
     <span class='ocr_line' id='line_1_14' title="bbox 227 2419 1316 2499; baseline -0.002 -16"><span class='ocrx_word' id='word_1_102' title='bbox 227 2425 382 2484; x_wconf 86' lang='lat' dir='ltr'>ducantur:</span> <span class='ocrx_word' id='word_1_103' title='bbox 403 2419 453 2480; x_wconf 89' lang='lat' dir='ltr'>sed</span> <span class='ocrx_word' id='word_1_104' title='bbox 465 2423 515 2482; x_wconf 93' lang='lat' dir='ltr'>ubi</span> <span class='ocrx_word' id='word_1_105' title='bbox 526 2420 600 2480; x_wconf 85' lang='lat' dir='ltr'>fides</span> <span class='ocrx_word' id='word_1_106' title='bbox 614 2431 691 2498; x_wconf 89' lang='lat' dir='ltr'>patet</span> <span class='ocrx_word' id='word_1_107' title='bbox 703 2423 824 2492; x_wconf 89' lang='lat' dir='ltr'>sincera,</span> <span class='ocrx_word' id='word_1_108' title='bbox 844 2422 957 2481; x_wconf 85' lang='lat' dir='ltr'>facilius</span> <span class='ocrx_word' id='word_1_109' title='bbox 977 2423 1008 2482; x_wconf 89' lang='lat' dir='ltr'>in</span> <span class='ocrx_word' id='word_1_110' title='bbox 1021 2423 1161 2480; x_wconf 79' lang='lat' dir='ltr'>Ecclesiae</span> <span class='ocrx_word' id='word_1_111' title='bbox 1176 2425 1316 2499; x_wconf 86' lang='lat' dir='ltr'>gremium</span> 
     </span>
     <span class='ocr_line' id='line_1_15' title="bbox 227 2518 1315 2600; baseline -0.003 -17"><span class='ocrx_word' id='word_1_112' title='bbox 227 2524 335 2584; x_wconf 83' lang='lat' dir='ltr'>admitti</span> <span class='ocrx_word' id='word_1_113' title='bbox 348 2530 478 2600; x_wconf 87' lang='lat' dir='ltr'>possunt,</span> <span class='ocrx_word' id='word_1_114' title='bbox 499 2519 636 2598; x_wconf 87' lang='lat' dir='ltr'>deinceps</span> <span class='ocrx_word' id='word_1_115' title='bbox 662 2519 698 2580; x_wconf 89' lang='lat' dir='ltr'>de</span> <span class='ocrx_word' id='word_1_116' title='bbox 718 2521 839 2600; x_wconf 83' lang='lat' dir='ltr'>singulis</span> <span class='ocrx_word' id='word_1_117' title='bbox 859 2521 1016 2580; x_wconf 84' lang='lat' dir='ltr'>accuratius</span> <span class='ocrx_word' id='word_1_118' title='bbox 1042 2518 1192 2579; x_wconf 90' lang='lat' dir='ltr'>edocendi.</span> <span class='ocrx_word' id='word_1_119' title='bbox 1234 2521 1315 2580; x_wconf 90' lang='lat' dir='ltr'>Metu</span> 
     </span>
     <span class='ocr_line' id='line_1_16' title="bbox 228 2611 1316 2700; baseline -0.005 -17"><span class='ocrx_word' id='word_1_120' title='bbox 228 2622 388 2683; x_wconf 85' lang='lat' dir='ltr'>divinonrm</span> <span class='ocrx_word' id='word_1_121' title='bbox 403 2619 590 2700; x_wconf 87' lang='lat' dir='ltr'>judiciorum,</span> <span class='ocrx_word' id='word_1_122' title='bbox 611 2639 662 2698; x_wconf 88' lang='lat' dir='ltr'>spe</span> <span class='ocrx_word' id='word_1_123' title='bbox 676 2631 705 2680; x_wconf 92' lang='lat' dir='ltr'>et</span> <span class='ocrx_word' id='word_1_124' title='bbox 717 2621 822 2680; x_wconf 86' lang='lat' dir='ltr'>fiducia</span> <span class='ocrx_word' id='word_1_125' title='bbox 840 2621 870 2680; x_wconf 92' lang='lat' dir='ltr'>in</span> <span class='ocrx_word' id='word_1_126' title='bbox 893 2620 1000 2689; x_wconf 88' lang='lat' dir='ltr'>Deum,</span> <span class='ocrx_word' id='word_1_127' title='bbox 1021 2611 1189 2698; x_wconf 88' lang='lat' dir='ltr'>poenitentia</span> <span class='ocrx_word' id='word_1_128' title='bbox 1202 2621 1239 2678; x_wconf 94' lang='lat' dir='ltr'>ob</span> <span class='ocrx_word' id='word_1_129' title='bbox 1251 2637 1316 2698; x_wconf 90' lang='lat' dir='ltr'>pec·</span> 
     </span>
     <span class='ocr_line' id='line_1_17' title="bbox 228 2720 1315 2799; baseline -0.003 -17"><span class='ocrx_word' id='word_1_130' title='bbox 228 2732 289 2782; x_wconf 87' lang='lat' dir='ltr'>ceta</span> <span class='ocrx_word' id='word_1_131' title='bbox 300 2722 436 2791; x_wconf 87' lang='lat' dir='ltr'>admissa,</span> <span class='ocrx_word' id='word_1_132' title='bbox 451 2738 517 2778; x_wconf 92' lang='lat' dir='ltr'>cum</span> <span class='ocrx_word' id='word_1_133' title='bbox 528 2721 675 2797; x_wconf 89' lang='lat' dir='ltr'>proposito</span> <span class='ocrx_word' id='word_1_134' title='bbox 687 2739 769 2781; x_wconf 82' lang='lat' dir='ltr'>novae</span> <span class='ocrx_word' id='word_1_135' title='bbox 783 2722 857 2791; x_wconf 79' lang='lat' dir='ltr'>vitae,</span> <span class='ocrx_word' id='word_1_136' title='bbox 878 2730 907 2780; x_wconf 89' lang='lat' dir='ltr'>et</span> <span class='ocrx_word' id='word_1_137' title='bbox 919 2720 976 2780; x_wconf 91' lang='lat' dir='ltr'>Dei</span> <span class='ocrx_word' id='word_1_138' title='bbox 989 2720 1150 2781; x_wconf 85' lang='lat' dir='ltr'>dilectionis</span> <span class='ocrx_word' id='word_1_139' title='bbox 1163 2721 1315 2799; x_wconf 88' lang='lat' dir='ltr'>principio,</span> 
     </span>
     <span class='ocr_line' id='line_1_18' title="bbox 228 2819 1317 2900; baseline -0.003 -18"><span class='ocrx_word' id='word_1_140' title='bbox 228 2834 372 2895; x_wconf 85' lang='lat' dir='ltr'>tamquam</span> <span class='ocrx_word' id='word_1_141' title='bbox 385 2819 472 2879; x_wconf 81' lang='lat' dir='ltr'>sontis</span> <span class='ocrx_word' id='word_1_142' title='bbox 486 2820 581 2878; x_wconf 89' lang='lat' dir='ltr'>omnis</span> <span class='ocrx_word' id='word_1_143' title='bbox 598 2820 727 2897; x_wconf 76' lang='lat' dir='ltr'>justitie,</span> <span class='ocrx_word' id='word_1_144' title='bbox 748 2821 834 2882; x_wconf 83' lang='lat' dir='ltr'>horno</span> <span class='ocrx_word' id='word_1_145' title='bbox 847 2822 1008 2899; x_wconf 86' lang='lat' dir='ltr'>disponitur</span> <span class='ocrx_word' id='word_1_146' title='bbox 1027 2820 1063 2879; x_wconf 87' lang='lat' dir='ltr'>ud</span> <span class='ocrx_word' id='word_1_147' title='bbox 1083 2821 1201 2900; x_wconf 75' lang='lat' dir='ltr'>gratiam</span> <span class='ocrx_word' id='word_1_148' title='bbox 1212 2821 1317 2899; x_wconf 88' lang='lat' dir='ltr'>justiti·</span> 
     </span>
     <span class='ocr_line' id='line_1_19' title="bbox 228 2918 1317 2998; baseline -0.001 -19"><span class='ocrx_word' id='word_1_149' title='bbox 228 2921 348 2979; x_wconf 87' lang='lat' dir='ltr'>cationis</span> <span class='ocrx_word' id='word_1_150' title='bbox 374 2919 404 2976; x_wconf 86' lang='lat' dir='ltr'>in</span> <span class='ocrx_word' id='word_1_151' title='bbox 426 2918 568 2995; x_wconf 89' lang='lat' dir='ltr'>baptismo</span> <span class='ocrx_word' id='word_1_152' title='bbox 594 2919 812 2998; x_wconf 89' lang='lat' dir='ltr'>impetrandam,</span> <span class='ocrx_word' id='word_1_153' title='bbox 837 2922 878 2979; x_wconf 90' lang='lat' dir='ltr'>uti</span> <span class='ocrx_word' id='word_1_154' title='bbox 904 2921 1038 2997; x_wconf 74' lang='lat' dir='ltr'>preclare</span> <span class='ocrx_word' id='word_1_155' title='bbox 1052 2919 1136 2978; x_wconf 90' lang='lat' dir='ltr'>docet</span> <span class='ocrx_word' id='word_1_156' title='bbox 1161 2922 1317 2980; x_wconf 86' lang='lat' dir='ltr'>concilium</span> 
     </span>
     <span class='ocr_line' id='line_1_20' title="bbox 230 3017 1320 3078; baseline -0.002 0"><span class='ocrx_word' id='word_1_157' title='bbox 230 3018 443 3078; x_wconf 87' lang='lat' dir='ltr'>Tridentinum.</span> <span class='ocrx_word' id='word_1_158' title='bbox 493 3017 605 3076; x_wconf 90' lang='lat' dir='ltr'>Rituale</span> <span class='ocrx_word' id='word_1_159' title='bbox 632 3020 796 3078; x_wconf 87' lang='lat' dir='ltr'>Romanum</span> <span class='ocrx_word' id='word_1_160' title='bbox 821 3017 928 3076; x_wconf 88' lang='lat' dir='ltr'>idcirco</span> <span class='ocrx_word' id='word_1_161' title='bbox 957 3017 992 3076; x_wconf 90' lang='lat' dir='ltr'>de</span> <span class='ocrx_word' id='word_1_162' title='bbox 1018 3018 1224 3078; x_wconf 88' lang='lat' dir='ltr'>catechumeno</span> <span class='ocrx_word' id='word_1_163' title='bbox 1250 3019 1320 3077; x_wconf 90' lang='lat' dir='ltr'>dicit</span> 
     </span>
     <span class='ocr_line' id='line_1_21' title="bbox 230 3113 1318 3196; baseline -0.006 -18"><span class='ocrx_word' id='word_1_164' title='bbox 230 3127 250 3156; x_wconf 80' lang='lat'>⁶⁴</span> <span class='ocrx_word' id='word_1_165' title='bbox 259 3118 343 3178; x_wconf 88' lang='lat' dir='ltr'>debet</span> <span class='ocrx_word' id='word_1_166' title='bbox 356 3117 447 3196; x_wconf 87' lang='lat' dir='ltr'>prius,</span> <span class='ocrx_word' id='word_1_167' title='bbox 458 3117 618 3176; x_wconf 90' lang='lat' dir='ltr'>secundum</span> <span class='ocrx_word' id='word_1_168' title='bbox 631 3118 814 3194; x_wconf 86' lang='lat' dir='ltr'>apostolicam</span> <span class='ocrx_word' id='word_1_169' title='bbox 831 3117 969 3194; x_wconf 76' lang='lat' dir='ltr'>regulam,</span> <span class='ocrx_word' id='word_1_170' title='bbox 983 3116 1014 3174; x_wconf 91' lang='lat' dir='ltr'>in</span> <span class='ocrx_word' id='word_1_171' title='bbox 1028 3113 1193 3174; x_wconf 83' lang='lat' dir='ltr'>Christiana</span> <span class='ocrx_word' id='word_1_172' title='bbox 1204 3115 1273 3184; x_wconf 89' lang='lat' dir='ltr'>fide,</span> <span class='ocrx_word' id='word_1_173' title='bbox 1286 3135 1318 3173; x_wconf 88' lang='lat' dir='ltr'>ao</span> 
     </span>
     <span class='ocr_line' id='line_1_22' title="bbox 231 3212 1318 3294; baseline -0.006 -16"><span class='ocrx_word' id='word_1_174' title='bbox 231 3219 335 3278; x_wconf 90' lang='lat' dir='ltr'>sanctis</span> <span class='ocrx_word' id='word_1_175' title='bbox 359 3217 485 3276; x_wconf 85' lang='lat' dir='ltr'>moribus</span> <span class='ocrx_word' id='word_1_176' title='bbox 508 3216 659 3294; x_wconf 80' lang='lat' dir='ltr'>diligenter</span> <span class='ocrx_word' id='word_1_177' title='bbox 679 3217 790 3287; x_wconf 89' lang='lat' dir='ltr'>instrui,</span> <span class='ocrx_word' id='word_1_178' title='bbox 811 3225 840 3273; x_wconf 90' lang='lat' dir='ltr'>et</span> <span class='ocrx_word' id='word_1_179' title='bbox 861 3235 913 3294; x_wconf 85' lang='lat' dir='ltr'>per</span> <span class='ocrx_word' id='word_1_180' title='bbox 933 3215 1043 3288; x_wconf 89' lang='lat' dir='ltr'>aliquot</span> <span class='ocrx_word' id='word_1_181' title='bbox 1062 3212 1123 3274; x_wconf 88' lang='lat' dir='ltr'>dies</span> <span class='ocrx_word' id='word_1_182' title='bbox 1137 3216 1167 3274; x_wconf 87' lang='lat' dir='ltr'>in</span> <span class='ocrx_word' id='word_1_183' title='bbox 1181 3215 1318 3291; x_wconf 91' lang='lat' dir='ltr'>operibus</span> 
     </span>
     <span class='ocr_line' id='line_1_23' title="bbox 230 3314 1318 3394; baseline -0.006 -17"><span class='ocrx_word' id='word_1_184' title='bbox 230 3316 342 3394; x_wconf 88' lang='lat' dir='ltr'>pietatis</span> <span class='ocrx_word' id='word_1_185' title='bbox 356 3316 495 3384; x_wconf 83' lang='lat' dir='ltr'>exerceri,</span> <span class='ocrx_word' id='word_1_186' title='bbox 519 3317 640 3394; x_wconf 88' lang='lat' dir='ltr'>ejusque</span> <span class='ocrx_word' id='word_1_187' title='bbox 660 3317 791 3376; x_wconf 87' lang='lat' dir='ltr'>voluntas</span> <span class='ocrx_word' id='word_1_188' title='bbox 811 3329 840 3374; x_wconf 90' lang='lat' dir='ltr'>et</span> <span class='ocrx_word' id='word_1_189' title='bbox 858 3315 1035 3393; x_wconf 90' lang='lat' dir='ltr'>propositum</span> <span class='ocrx_word' id='word_1_190' title='bbox 1049 3316 1154 3392; x_wconf 77' lang='lat' dir='ltr'>sepius</span> <span class='ocrx_word' id='word_1_191' title='bbox 1167 3314 1318 3392; x_wconf 84' lang='lat' dir='ltr'>explorari,</span> 
     </span>
     <span class='ocr_line' id='line_1_24' title="bbox 229 3409 1181 3492; baseline -0.002 -17"><span class='ocrx_word' id='word_1_192' title='bbox 229 3427 257 3476; x_wconf 94' lang='lat' dir='ltr'>et</span> <span class='ocrx_word' id='word_1_193' title='bbox 269 3417 385 3476; x_wconf 90' lang='lat' dir='ltr'>nonnisi</span> <span class='ocrx_word' id='word_1_194' title='bbox 398 3415 493 3474; x_wconf 87' lang='lat' dir='ltr'>sciens</span> <span class='ocrx_word' id='word_1_195' title='bbox 502 3423 531 3472; x_wconf 90' lang='lat' dir='ltr'>et</span> <span class='ocrx_word' id='word_1_196' title='bbox 544 3416 652 3484; x_wconf 86' lang='lat' dir='ltr'>voleus,</span> <span class='ocrx_word' id='word_1_197' title='bbox 667 3417 813 3492; x_wconf 89' lang='lat' dir='ltr'>probeque</span> <span class='ocrx_word' id='word_1_198' title='bbox 826 3416 979 3483; x_wconf 88' lang='lat' dir='ltr'>instructus</span> <span class='ocrx_word' id='word_1_199' title='bbox 993 3409 1181 3490; x_wconf 85' lang='lat' dir='ltr'>baptizari.’&#39;¹</span> 
     </span>
    </p>

    <p class='ocr_par' dir='ltr' id='par_1_5' title="bbox 206 3513 1323 4390">
     <span class='ocr_line' id='line_1_25' title="bbox 270 3513 1320 3589; baseline -0.004 -13"><span class='ocrx_word' id='word_1_200' title='bbox 270 3521 319 3576; x_wconf 82' lang='lat'>36.</span> <span class='ocrx_word' id='word_1_201' title='bbox 352 3515 528 3576; x_wconf 82' lang='lat' dir='ltr'>Poenitentia</span> <span class='ocrx_word' id='word_1_202' title='bbox 553 3515 622 3574; x_wconf 72' lang='grc' dir='ltr'>αθ.</span> <span class='ocrx_word' id='word_1_203' title='bbox 649 3515 737 3574; x_wconf 91' lang='lat' dir='ltr'>Petro</span> <span class='ocrx_word' id='word_1_204' title='bbox 763 3513 976 3574; x_wconf 88' lang='lat' dir='ltr'>commendatur</span> <span class='ocrx_word' id='word_1_205' title='bbox 1007 3522 1153 3586; x_wconf 84' lang='lat' dir='ltr'>tamquam</span> <span class='ocrx_word' id='word_1_206' title='bbox 1177 3513 1320 3589; x_wconf 89' lang='lat' dir='ltr'>baptismo</span> 
     </span>
     <span class='ocr_line' id='line_1_26' title="bbox 206 3603 1320 3693; baseline -0.004 -19"><span class='ocrx_word' id='word_1_207' title='bbox 206 3609 212 3626; x_wconf 62' lang='lat'>²</span> <span class='ocrx_word' id='word_1_208' title='bbox 229 3617 348 3692; x_wconf 85' lang='lat' dir='ltr'>praevia:</span> <span class='ocrx_word' id='word_1_209' title='bbox 372 3625 391 3652; x_wconf 76' lang='lat'>‘⁶</span> <span class='ocrx_word' id='word_1_210' title='bbox 400 3613 598 3693; x_wconf 82' lang='lat' dir='ltr'>poenitentiam</span> <span class='ocrx_word' id='word_1_211' title='bbox 612 3615 698 3692; x_wconf 82' lang='lat' dir='ltr'>agite,</span> <span class='ocrx_word' id='word_1_212' title='bbox 713 3625 741 3674; x_wconf 89' lang='lat' dir='ltr'>et</span> <span class='ocrx_word' id='word_1_213' title='bbox 754 3614 913 3692; x_wconf 86' lang='lat' dir='ltr'>baptizetur</span> <span class='ocrx_word' id='word_1_214' title='bbox 925 3613 1123 3688; x_wconf 87' lang='lat' dir='ltr'>unusquisque</span> <span class='ocrx_word' id='word_1_215' title='bbox 1137 3621 1261 3672; x_wconf 85' lang='lat' dir='ltr'>vestrum</span> <span class='ocrx_word' id='word_1_216' title='bbox 1272 3603 1320 3669; x_wconf 83' lang='lat'>:”²</span> 
     </span>
     <span class='ocr_line' id='line_1_27' title="bbox 230 3711 1319 3792; baseline -0.004 -18"><span class='ocrx_word' id='word_1_217' title='bbox 230 3725 274 3774; x_wconf 90' lang='lat' dir='ltr'>est</span> <span class='ocrx_word' id='word_1_218' title='bbox 286 3726 380 3776; x_wconf 87' lang='lat' dir='ltr'>autern</span> <span class='ocrx_word' id='word_1_219' title='bbox 393 3716 481 3774; x_wconf 88' lang='lat' dir='ltr'>anirni</span> <span class='ocrx_word' id='word_1_220' title='bbox 494 3712 577 3773; x_wconf 90' lang='lat' dir='ltr'>dolor</span> <span class='ocrx_word' id='word_1_221' title='bbox 595 3714 630 3772; x_wconf 90' lang='lat' dir='ltr'>de</span> <span class='ocrx_word' id='word_1_222' title='bbox 650 3723 768 3791; x_wconf 90' lang='lat' dir='ltr'>peccato</span> <span class='ocrx_word' id='word_1_223' title='bbox 781 3713 916 3783; x_wconf 88' lang='lat' dir='ltr'>admisso,</span> <span class='ocrx_word' id='word_1_224' title='bbox 937 3723 1094 3792; x_wconf 87' lang='lat' dir='ltr'>conceptus</span> <span class='ocrx_word' id='word_1_225' title='bbox 1107 3731 1145 3772; x_wconf 85' lang='lat' dir='ltr'>ex</span> <span class='ocrx_word' id='word_1_226' title='bbox 1157 3711 1319 3773; x_wconf 86' lang='lat' dir='ltr'>considera·</span> 
     </span>
     <span class='ocr_line' id='line_1_28' title="bbox 232 3812 1319 3890; baseline -0.003 -18"><span class='ocrx_word' id='word_1_227' title='bbox 232 3815 308 3874; x_wconf 88' lang='lat' dir='ltr'>tione</span> <span class='ocrx_word' id='word_1_228' title='bbox 331 3817 480 3874; x_wconf 87' lang='lat' dir='ltr'>veritatum</span> <span class='ocrx_word' id='word_1_229' title='bbox 494 3812 576 3880; x_wconf 85' lang='lat' dir='ltr'>fidoi,</span> <span class='ocrx_word' id='word_1_230' title='bbox 594 3831 627 3870; x_wconf 87' lang='lat' dir='ltr'>v:</span> <span class='ocrx_word' id='word_1_231' title='bbox 643 3832 677 3890; x_wconf 83' lang='lat' dir='ltr'>g:</span> <span class='ocrx_word' id='word_1_232' title='bbox 702 3831 850 3890; x_wconf 69' lang='lat' dir='ltr'>poenarum</span> <span class='ocrx_word' id='word_1_233' title='bbox 868 3813 1026 3874; x_wconf 86' lang='lat' dir='ltr'>inferorum</span> <span class='ocrx_word' id='word_1_234' title='bbox 1047 3831 1110 3886; x_wconf 79' lang='lat' dir='ltr'>quae</span> <span class='ocrx_word' id='word_1_235' title='bbox 1124 3822 1239 3873; x_wconf 88' lang='lat' dir='ltr'>manent</span> <span class='ocrx_word' id='word_1_236' title='bbox 1252 3829 1319 3888; x_wconf 88' lang='lat' dir='ltr'>pec·</span> 
     </span>
     <span class='ocr_line' id='line_1_29' title="bbox 232 3911 1320 3990; baseline -0.005 -20"><span class='ocrx_word' id='word_1_237' title='bbox 232 3921 351 3981; x_wconf 86' lang='lat' dir='ltr'>catores,</span> <span class='ocrx_word' id='word_1_238' title='bbox 362 3912 419 3973; x_wconf 89' lang='lat' dir='ltr'>Dei</span> <span class='ocrx_word' id='word_1_239' title='bbox 438 3911 642 3972; x_wconf 77' lang='lat' dir='ltr'>misericordias</span> <span class='ocrx_word' id='word_1_240' title='bbox 663 3931 730 3990; x_wconf 85' lang='lat' dir='ltr'>erga</span> <span class='ocrx_word' id='word_1_241' title='bbox 751 3914 932 3988; x_wconf 74' lang='lat' dir='ltr'>penitentes,</span> <span class='ocrx_word' id='word_1_242' title='bbox 951 3913 1158 3973; x_wconf 88' lang='lat' dir='ltr'>beneficiorum</span> <span class='ocrx_word' id='word_1_243' title='bbox 1178 3911 1236 3970; x_wconf 90' lang='lat' dir='ltr'>Dei</span> <span class='ocrx_word' id='word_1_244' title='bbox 1256 3927 1320 3980; x_wconf 82' lang='lat' dir='ltr'>quae</span> 
     </span>
     <span class='ocr_line' id='line_1_30' title="bbox 232 4006 1323 4090; baseline -0.003 -23"><span class='ocrx_word' id='word_1_245' title='bbox 232 4011 355 4088; x_wconf 88' lang='lat' dir='ltr'>peccatis</span> <span class='ocrx_word' id='word_1_246' title='bbox 381 4012 576 4088; x_wconf 88' lang='lat' dir='ltr'>rependimus,</span> <span class='ocrx_word' id='word_1_247' title='bbox 603 4011 735 4072; x_wconf 91' lang='lat' dir='ltr'>bonitatis</span> <span class='ocrx_word' id='word_1_248' title='bbox 761 4021 789 4070; x_wconf 93' lang='lat' dir='ltr'>et</span> <span class='ocrx_word' id='word_1_249' title='bbox 813 4013 998 4090; x_wconf 81' lang='lat' dir='ltr'>perfectiouis</span> <span class='ocrx_word' id='word_1_250' title='bbox 1025 4011 1083 4070; x_wconf 90' lang='lat' dir='ltr'>Dei</span> <span class='ocrx_word' id='word_1_251' title='bbox 1115 4027 1202 4086; x_wconf 88' lang='lat' dir='ltr'>super</span> <span class='ocrx_word' id='word_1_252' title='bbox 1226 4006 1323 4064; x_wconf 90' lang='lat' dir='ltr'>omnia</span> 
     </span>
     <span class='ocr_line' id='line_1_31' title="bbox 233 4109 1322 4188; baseline -0.004 -20"><span class='ocrx_word' id='word_1_253' title='bbox 233 4118 349 4188; x_wconf 92' lang='lat' dir='ltr'>propter</span> <span class='ocrx_word' id='word_1_254' title='bbox 370 4128 402 4168; x_wconf 92' lang='lat' dir='ltr'>se</span> <span class='ocrx_word' id='word_1_255' title='bbox 424 4109 571 4188; x_wconf 79' lang='lat' dir='ltr'>diligendi.</span> <span class='ocrx_word' id='word_1_256' title='bbox 613 4111 666 4171; x_wconf 90' lang='lat' dir='ltr'>Ille</span> <span class='ocrx_word' id='word_1_257' title='bbox 686 4111 786 4170; x_wconf 85' lang='lat' dir='ltr'>saltem</span> <span class='ocrx_word' id='word_1_258' title='bbox 810 4112 961 4185; x_wconf 89' lang='lat' dir='ltr'>requiritur</span> <span class='ocrx_word' id='word_1_259' title='bbox 981 4111 1064 4170; x_wconf 93' lang='lat' dir='ltr'>dolor</span> <span class='ocrx_word' id='word_1_260' title='bbox 1090 4123 1148 4180; x_wconf 92' lang='lat' dir='ltr'>quo</span> <span class='ocrx_word' id='word_1_261' title='bbox 1173 4113 1322 4182; x_wconf 88' lang='lat' dir='ltr'>peccatum</span> 
     </span>
     <span class='ocr_line' id='line_1_32' title="bbox 230 4199 1321 4288; baseline -0.005 -20"><span class='ocrx_word' id='word_1_262' title='bbox 230 4210 412 4280; x_wconf 86' lang='lat' dir='ltr'>detestamur,</span> <span class='ocrx_word' id='word_1_263' title='bbox 426 4219 455 4268; x_wconf 91' lang='lat' dir='ltr'>et</span> <span class='ocrx_word' id='word_1_264' title='bbox 466 4211 664 4288; x_wconf 88' lang='lat' dir='ltr'>amplectimur</span> <span class='ocrx_word' id='word_1_265' title='bbox 682 4210 740 4270; x_wconf 90' lang='lat' dir='ltr'>Dei</span> <span class='ocrx_word' id='word_1_266' title='bbox 759 4210 864 4288; x_wconf 79' lang='lat' dir='ltr'>legem,</span> <span class='ocrx_word' id='word_1_267' title='bbox 885 4219 1029 4284; x_wconf 81' lang='lat' dir='ltr'>tamquam</span> <span class='ocrx_word' id='word_1_268' title='bbox 1049 4222 1162 4266; x_wconf 89' lang='lat' dir='ltr'>morum</span> <span class='ocrx_word' id='word_1_269' title='bbox 1182 4199 1321 4282; x_wconf 86' lang='lat' dir='ltr'>regulam,</span> 
     </span>
     <span class='ocr_line' id='line_1_33' title="bbox 232 4303 1323 4390; baseline -0.004 -22"><span class='ocrx_word' id='word_1_270' title='bbox 232 4328 346 4390; x_wconf 86' lang='lat' dir='ltr'>semper</span> <span class='ocrx_word' id='word_1_271' title='bbox 366 4311 449 4370; x_wconf 87' lang='lat' dir='ltr'>nobis</span> <span class='ocrx_word' id='word_1_272' title='bbox 475 4312 506 4370; x_wconf 91' lang='lat' dir='ltr'>in</span> <span class='ocrx_word' id='word_1_273' title='bbox 525 4319 672 4389; x_wconf 90' lang='lat' dir='ltr'>posterum</span> <span class='ocrx_word' id='word_1_274' title='bbox 693 4309 878 4370; x_wconf 87' lang='lat' dir='ltr'>servandam:</span> <span class='ocrx_word' id='word_1_275' title='bbox 900 4307 952 4368; x_wconf 87' lang='lat' dir='ltr'>sed</span> <span class='ocrx_word' id='word_1_276' title='bbox 971 4314 1153 4385; x_wconf 87' lang='lat' dir='ltr'>peccatorum</span> <span class='ocrx_word' id='word_1_277' title='bbox 1179 4303 1323 4364; x_wconf 83' lang='lat' dir='ltr'>confessio</span> 
     </span>
    </p>
   </div>
   <div class='ocr_carea' id='block_1_5' title="bbox 368 4508 1189 4580">
    <p class='ocr_par' dir='ltr' id='par_1_6' title="bbox 368 4508 1189 4580">
     <span class='ocr_line' id='line_1_34' title="bbox 368 4508 1189 4580; baseline 0 -20"><span class='ocrx_word' id='word_1_278' title='bbox 368 4514 411 4580; x_wconf 86' lang='lat'>(1)</span> <span class='ocrx_word' id='word_1_279' title='bbox 430 4511 470 4564; x_wconf 87' lang='lat' dir='ltr'>De</span> <span class='ocrx_word' id='word_1_280' title='bbox 480 4513 545 4578; x_wconf 77' lang='lat' dir='ltr'>bapt.</span> <span class='ocrx_word' id='word_1_281' title='bbox 557 4511 633 4564; x_wconf 79' lang='lat' dir='ltr'>adult.</span> <span class='ocrx_word' id='word_1_282' title='bbox 981 4509 1023 4578; x_wconf 72' lang='lat'>(2)</span> <span class='ocrx_word' id='word_1_283' title='bbox 1043 4509 1099 4562; x_wconf 82' lang='lat' dir='ltr'>Act.</span> <span class='ocrx_word' id='word_1_284' title='bbox 1110 4508 1136 4560; x_wconf 90' lang='lat' dir='ltr'>ii.</span> <span class='ocrx_word' id='word_1_285' title='bbox 1146 4511 1189 4560; x_wconf 76' lang='grc'>38.</span> 
     </span>
    </p>
   </div>
   <div class='ocr_carea' id='block_1_6' title="bbox 0 0 1582 5168">
    <p class='ocr_par' dir='ltr' id='par_1_7' title="bbox 0 0 1582 5168">
     <span class='ocr_line' id='line_1_35' title="bbox 0 0 1582 5168; baseline 0 0"><span class='ocrx_word' id='word_1_286' title='bbox 0 0 1582 5168; x_wconf 95' lang='lat' dir='ltr'> </span> 
     </span>
    </p>
   </div>
  </div>
 </body>
</html>
