3124 5168
532 540 589 602 DE
610 537 757 600 FORMA
775 537 988 600 BAPTISMI.
1265 543 1305 601 33

218 707 323 776 Patris,
337 718 367 767 et
378 707 456 777 Filii,
469 716 499 767 et
507 706 633 785 Spiritus
647 705 778 767 Sanoti.”
806 707 841 768 Si
853 723 960 767 nomeu
974 703 1139 783 baptizandi
1150 705 1305 776 omittatur,

137 787 145 800 ’
218 807 260 868 nil
273 806 362 868 offioit
373 808 463 868 valori
483 816 579 876 notus3
599 809 722 867 seeussi
741 825 903 886 pronomen
915 824 976 867 non
994 805 1168 876 adhibeatur,
1181 805 1229 865 vel
1246 825 1306 868 vox

219 906 274 966 alia
286 925 348 981 quae
362 907 496 988 designat
513 906 732 985 baptizandum:
753 925 819 968 nam
839 925 926 967 vooss
945 915 1072 966 staterae:
1094 913 1170 984 ‘ego
1187 905 1305 984 baptizo

216 1006 247 1066 in
260 1007 376 1066 nomine
389 1008 495 1076 Patris,
505 1006 570 1066 eto!
585 1006 831 1075 consuetudinem,
842 1008 940 1086 potins
954 1023 1042 1080 quam
1054 1013 1161 1075 aottrm,
1170 1005 1305 1068 indicant.

216 1105 250 1165 si
258 1125 419 1184 pronomen
430 1106 505 1185 ‘ego’
516 1107 670 1175 omittatur,
679 1107 720 1166 nil
728 1107 837 1176 obstat;
851 1125 918 1167 nam
929 1104 1072 1184 ‘baptizo'
1083 1105 1165 1164 atatis
1177 1103 1308 1184 designet

216 1207 417 1283 baptizantem,
430 1226 490 1267 non
503 1207 542 1266 ita
552 1224 621 1266 vero
641 1207 764 1285 Anglioa
775 1225 844 1275 vox,
865 1205 1024 1286 ‘baptizo’
1039 1223 1102 1296 quge
1114 1206 1205 1266 instar
1216 1206 1307 1286 impe·

215 1306 300 1364 rantis
314 1306 444 1366 videtur:
465 1316 638 1384 quapropter
659 1324 717 1366 nou
736 1306 843 1366 valeret
860 1307 1021 1383 baptismus
1033 1305 1157 1383 Anglioo
1171 1323 1306 1366 sermone

215 1403 352 1476 adhibito,
373 1408 399 1465 si
424 1422 585 1484 pronomen
610 1407 797 1466 omitteretur.
838 1405 957 1464 Valeret
981 1415 1086 1472 autam,
1108 1406 1162 1463 etsi
1186 1423 1306 1466 numero

215 1504 341 1580 plurium
353 1514 548 1584 usurparetur,
562 1523 600 1564 ex
613 1503 818 1566 consuetudine
832 1523 889 1579 qua
907 1504 1043 1583 dignitate
1055 1505 1130 1564 auoti
1141 1504 1305 1579 loquuntur,

216 1621 284 1663 uam
297 1621 335 1663 ex
348 1606 495 1665 communi
508 1605 660 1665 hominum
673 1623 770 1673 sensu,
783 1606 959 1682 singularem
978 1621 1132 1682 personam
1152 1604 1304 1665 iudicaret:

191 1759 195 1767 ,
217 1701 296 1775 quod
308 1722 343 1761 eo
356 1705 447 1782 magis
467 1703 620 1765 dicendum
633 1705 669 1764 de
682 1723 753 1764 voce
771 1690 909 1782 Augiioa:
932 1714 951 1742 ‘⁴
958 1703 1063 1786 you?
1078 1721 1141 1778 quse
1154 1704 1306 1783 singularis

215 1803 330 1861 numeri
349 1803 408 1862 vim
428 1821 465 1862 ex
491 1822 545 1862 usu
566 1803 659 1864 habet.
711 1804 797 1871 Quod
817 1805 843 1863 si
862 1805 960 1882 plures
980 1803 1067 1864 simul
1086 1803 1308 1880 aggrederentur

214 1900 337 1974 aliquem
347 1902 501 1981 baptizare,
510 1903 633 1963 dioendo
643 1926 654 1963 ε.
668 1904 722 1963 “N
723 1913 790 1963 oste
804 1905 982 1982 baptizamus
992 1904 1022 1972 ;”
1037 1903 1122 1963 docet
1131 1903 1164 1961 S.
1176 1902 1307 1964 Thomas

215 1999 256 2059 nil
268 2002 390 2062 oonfioi:
418 2003 485 2076 quia
508 2011 576 2062 “ex
590 2005 639 2064 tali
658 2006 762 2072 forma,
785 2013 830 2063 ‘te
842 2003 1033 2083 baptizamus’
1054 2003 1225 2081 exprimitur
1244 2003 1307 2062 talis

214 2100 342 2170 intentio,
357 2102 433 2177 quod
443 2103 541 2180 plures
551 2105 723 2164 conveniant
736 2102 770 2162 ad
784 2123 873 2163 unum
886 2105 1059 2181 baptismum
1079 2101 1304 2163 eonferendum:

102 2195 112 2220 '
214 2200 292 2272 quod
312 2201 428 2274 quidem
448 2202 643 2262 videturesse
664 2205 914 2263 eontrarationem
936 2204 1103 2263 ministerii:
1126 2203 1215 2264 homo
1228 2204 1307 2263 enim

212 2317 273 2359 non
292 2301 430 2376 baptizat,
445 2302 502 2359 nisi
513 2310 546 2359 ut
562 2302 692 2360 minister
712 2295 835 2369 Christi,
848 2310 877 2360 et
895 2302 986 2360 rioem
1003 2304 1067 2380 ejus
1088 2321 1210 2380 gerens:
1232 2301 1308 2363 unde

213 2398 291 2457 sicut
314 2417 389 2458 unus
411 2408 456 2458 est
481 2397 627 2468 Christus,
656 2401 695 2458 ita
716 2406 829 2477 oportet
853 2416 918 2457 esse
945 2419 1037 2458 unum
1062 2400 1235 2468 ministrum,
1258 2401 1308 2474 qui

214 2481 364 2558 Christum
378 2507 577 2576 representet:
598 2498 805 2577 propterquod
819 2499 966 2577 signanter
977 2498 1135 2576 Apostolus
1149 2498 1217 2558 dicit
1229 2498 1308 2577 Eph.

213 2599 252 2658 iv.
295 2599 399 2659 ‘Unus
413 2597 570 2668 Dominus,
584 2598 738 2668 nunides,
752 2617 843 2659 unum
857 2598 1025 2676 baptismat’
1046 2607 1075 2658 et
1086 2597 1152 2658 ideo
1169 2599 1310 2660 contraria

214 2699 333 2758 intentio
346 2699 457 2758 videtur
469 2697 623 2758 excludere
642 2699 777 2777 baptismi
795 2707 1013 2758 sacramentum.
1056 2699 1089 2757 Si
1102 2716 1171 2760 vero
1183 2707 1309 2775 uterque

214 2798 336 2858 dioeret:
359 2798 445 2876 ‘Ego
470 2807 497 2857 te
522 2799 638 2876 baptizo
657 2799 688 2858 in
713 2800 831 2858 nomine
852 2798 958 2867 Patris,
979 2807 1009 2856 et
1028 2797 1108 2867 Filii,
1128 2808 1157 2858 et
1178 2799 1306 2876 Spiritus

215 2897 315 2956 Sancti
324 2896 343 2955 :’
370 2906 488 2972 uterque
507 2899 682 2975 exprimeret
701 2916 783 2956 suam
804 2898 1003 2966 intentionem,
1024 2899 1107 2970 quasi
1127 2898 1191 2975 ipse
1210 2899 1308 2978 singu·

213 2997 310 3057 lariter
323 2997 497 3075 baptismum
509 2998 667 3057 conferret:
689 2996 766 3070 quod
787 3005 886 3073 posset
906 2997 1070 3072 contingere
1083 2997 1114 3054 in
1127 3015 1163 3055 eo
1183 3015 1262 3066 oasu,
1277 2999 1309 3057 in

215 3115 272 3172 quo
285 3098 462 3157 contentiose
475 3105 595 3170 uterque
609 3097 734 3170 aliquem
747 3095 893 3172 baptizare
907 3102 1074 3152 conaretur:
1095 3101 1125 3151 et
1139 3103 1206 3152 tuno
1219 3096 1309 3154 mani·

215 3196 318 3256 festum
343 3206 397 3265 est,
424 3195 501 3270 quod
527 3197 585 3266 ille,
609 3197 659 3270 qui
684 3196 764 3272 prius
789 3195 877 3254 verba
903 3193 1051 3272 proferret,
1068 3190 1148 3252 daret
1173 3193 1308 3271 baptismi

215 3305 440 3357 sacramentum:
468 3295 540 3355 alius
559 3314 630 3356 vero
643 3303 906 3369 quantumcumque
928 3295 978 3372 jus
998 3293 1164 3372 baptizandi
1182 3293 1308 3366 haberet,

214 3395 288 3455 nihil
307 3375 464 3464 laceretet
476 3396 501 3453 si
520 3397 605 3455 verba
623 3395 806 3474 pronuntiare
827 3402 1024 3472 praesumeret,
1045 3402 1124 3452 esset
1142 3395 1307 3472 puniendus

214 3495 566 3574 tamquamrebaptizator.
581 3495 614 3554 Si
624 3504 719 3554 autem
729 3494 846 3554 omnino
855 3493 943 3554 simul
951 3494 1035 3552 ambo
1045 3493 1133 3551 verba
1139 3491 1307 3572 proferrent,

213 3604 241 3654 et
252 3595 402 3658 hominem
421 3597 625 3674 immergerent
638 3605 686 3654 aut
704 3604 897 3672 aspergerent,
911 3603 1009 3654 essent
1026 3593 1165 3672 puniendi
1179 3595 1215 3655 de
1229 3596 1305 3656 inor·

214 3693 309 3754 dinato
323 3695 411 3757 modo
423 3695 599 3774 baptizandi,
610 3703 639 3754 et
651 3714 710 3755 non
723 3693 758 3753 de
772 3696 919 3756 iteratione
932 3695 1067 3773 baptismi
1080 3714 1088 3754 t
1108 3697 1177 3769 qnia
1188 3704 1307 3772 uterque

214 3794 374 3856 intenderet
385 3814 445 3856 non
458 3795 634 3872 baptizatum
645 3795 792 3874 baptizare
804 3815 812 3854 a
832 3805 862 3855 et
873 3803 1003 3871 uterque,
1018 3805 1156 3870 quantum
1169 3797 1199 3855 in
1212 3815 1245 3856 se
1255 3804 1308 3864 est,

214 3893 380 3970 baptizaret.
414 3896 479 3955 Neo
487 3893 630 3956 traderent
639 3894 716 3956 aliud
724 3904 752 3954 et
762 3894 837 3956 aliud
847 3905 1075 3955 sacramentum:
1096 3895 1149 3955 sed
1160 3893 1307 3961 Christus,

214 3993 265 4066 qui
285 4002 330 4051 est
346 4013 433 4064 unus,
447 3995 564 4055 interius
584 3997 743 4074 baptizans,
755 4015 847 4056 unum
867 4004 1074 4056 sacramentum
1089 4013 1141 4072 per
1153 4002 1308 4064 utrumque

214 4091 406 4154 conferret’ss
446 4087 483 4153 Si
491 4095 638 4174 baptizans
652 4095 775 4164 dicerem
796 4095 919 4176 baptizo
939 4102 1072 4154 oestrum
1092 4087 1308 4161 altitudinem

212 4191 259 4251 vel
275 4193 364 4254 alium
386 4204 537 4274 usurparet
558 4197 680 4266 titulum,
702 4214 755 4274 pro
775 4196 875 4258 smouli
895 4212 987 4260 more,
1008 4190 1115 4249 valeret
1135 4187 1306 4265 baptismus,

212 4295 341 4366 quamvis
354 4307 488 4374 peooarat
506 4315 578 4356 vana
590 4298 639 4357 illa
658 4296 825 4356 mutatione.
866 4293 901 4351 si
918 4289 1085 4368 propositio
1097 4288 1132 4348 in
1152 4289 1305 4360 omittatur,

526 4507 568 4573 (l)
587 4503 621 4554 iii.
632 4509 709 4569 p.'qu.
721 4499 788 4552 lxvii.
799 4505 843 4549 art.
853 4497 886 4548 vi.
921 4485 997 4564 Κεφ.
