3108 5162
390 539 447 598 DE
468 537 788 598 IMPEDlMENTlS
808 537 1082 597 MATRIMONll.
1222 541 1278 596 361

193 704 299 765 suffieit
313 715 347 764 ut
359 703 394 763 de
417 705 504 763 domo
519 707 548 764 in
561 705 679 763 domum
692 705 738 772 sit,
753 706 798 763 vel
812 704 910 764 saltem
931 705 961 762 in
982 705 1077 763 locum
1098 713 1278 781 separatum:

192 822 252 864 non
266 823 332 863 vero
355 804 390 862 de
403 822 463 862 uno
484 806 514 863 in
535 803 611 862 aliud
631 805 803 862 cubiculum.
846 805 971 879 Raptum
993 804 1113 880 intelligi
1133 805 1281 861 voluerunt

194 903 325 980 plerique
344 904 542 980 jurisconsulti
557 903 671 970 Gallici,
686 902 879 963 seductionem
895 903 1027 978 puelloee
1045 903 1134 961 domo
1154 911 1279 978 paterna,

195 1004 316 1080 ejusque
330 1001 528 1060 abductionem
553 1003 649 1060 invitis
670 1002 840 1077 parentibus,
855 1003 917 1079 ipsa
939 1002 1004 1060 licet
1023 1010 1080 1062 toto
1100 1002 1195 1059 animo
1215 1019 1282 1059 eon·

195 1101 352 1167 sentiente;
367 1119 423 1173 qua
437 1102 546 1158 ratione
560 1100 796 1176 impedimentum
810 1101 944 1159 edesectu
953 1118 1110 1158 consensus
1120 1109 1279 1177 parentum,

194 1199 270 1274 quod
284 1199 518 1268 frustraconatus
538 1210 581 1256 est
601 1218 653 1257 rex
673 1199 936 1259 christianissimus
957 1217 1008 1274 per
1026 1200 1134 1276 legatos
1157 1200 1281 1274 patribus

195 1298 375 1356 Tridentinis
391 1298 570 1374 probandum
589 1297 718 1367 suadere,
741 1298 876 1358 inducere
897 1297 1080 1366 studuerunt3
1101 1295 1152 1354 sed
1171 1297 1284 1356 concilii

196 1397 282 1455 verba
294 1396 459 1474 hujusmodi
473 1398 568 1474 sugam
589 1407 775 1473 spontaneam
789 1416 846 1455 non
866 1397 1029 1472 respiciunt,
1044 1415 1131 1468 quum
1151 1415 1210 1454 non
1223 1395 1283 1453 exi·

195 1504 263 1572 gant
275 1506 306 1553 ut
319 1496 414 1571 puella
427 1479 591 1572 parentibus
604 1497 773 1563 restituatur,
787 1508 937 1569 antequam
949 1497 1122 1553 consentiat:
1144 1511 1283 1570 quaprop-

196 1602 238 1651 ter
251 1595 382 1653 Garriere
399 1596 510 1672 cogitur
523 1595 602 1652 fateri
615 1594 851 1671 impedimentum
873 1595 903 1653 iu
925 1595 1028 1652 Galliis
1048 1593 1120 1653 ultra
1139 1593 1284 1651 decretum

196 1692 311 1750 concilii
331 1703 482 1750 extensum
495 1689 519 1750 :¹
540 1693 616 1767 quod
637 1711 817 1765 nequaquam
837 1693 898 1752 fieri
919 1694 1048 1770 potuisse
1074 1693 1282 1750 existimamus.

197 1899 342 1965 assumpto
355 1890 487 1958 consilio,
502 1892 550 1962 qui
565 1891 622 1948 vim
635 1891 729 1949 intulit
738 1909 801 1948 eam
815 1890 909 1958 ducat,
920 1910 986 1948 uam
999 1891 1152 1949 concilium
1164 1889 1285 1946 libertati

198 1986 348 2047 mulierum
362 1991 391 2047 in
405 1989 530 2052 ineundo
543 1991 725 2048 matrimonio
739 1990 829 2049 voluit
848 1989 1007 2067 providere,
1022 1988 1145 2048 tollenda
1158 1988 1219 2064 ejus
1233 2005 1285 2063 spe

196 2086 223 2142 ei
236 2087 286 2158 qui
297 2088 414 2145 inritam
428 2088 531 2146 ducere
545 2088 646 2146 vallet:
669 2087 720 2147 sed
734 2107 791 2147 uon
805 2088 870 2146 ideo
887 2088 1001 2146 abstulit
1012 2089 1151 2146 rationem
1165 2105 1220 2158 qua
1233 2084 1287 2142 sibi

197 2185 329 2243 consulat
346 2186 448 2244 mulier
462 2188 519 2244 vim
539 2206 643 2264 passa:
666 2197 837 2264 quapropter
857 2187 888 2243 S.
908 2187 1101 2264 Congregatio
1121 2185 1234 2244 concilii
1246 2187 1286 2242 25

199 2281 330 2340 Januarii
346 2287 422 2342 1583
437 2287 583 2344 censuisse
597 2286 699 2344 dicitur
718 2294 889 2362 “raptorem
903 2287 939 2344 ob
956 2286 1040 2345 aliam
1061 2303 1186 2352 causam,
1202 2301 1288 2356 quam

198 2389 231 2440 ut
243 2390 351 2458 raptam
366 2383 396 2440 in
409 2402 532 2443 uxorum
548 2385 673 2452 duceret,
688 2402 746 2443 non
768 2383 972 2460 comprehendi
993 2385 1023 2442 iu
1044 2381 1118 2461 Cap.
1138 2383 1176 2441 vi.
1204 2381 1285 2440 Sese.

197 2479 279 2548 xxiv,
303 2479 338 2538 de
353 2480 419 2540 Res.
443 2478 564 2541 matr.”²
603 2483 689 2550 Quod
703 2493 798 2541 autem
811 2484 850 2541 ait
863 2481 993 2542 Carriere
1006 2501 1063 2542 non
1081 2483 1174 2541 valere
1193 2479 1288 2539 matri·

198 2579 328 2636 monium
352 2576 466 2664 quando
487 2589 565 2656 rapta
587 2581 658 2638 illud
683 2582 737 2638 init
755 2588 786 2638 ut
805 2579 899 2638 miuus
925 2579 1041 2649 malum,
1055 2588 1087 2638 ut
1104 2597 1135 2637 sa
1153 2577 1254 2639 liberet
1271 2598 1288 2637 a

196 2671 325 2752 majori,³
337 2685 411 2734 stare
424 2697 482 2737 non
502 2688 607 2755 potest,
621 2698 688 2738 nam
702 2680 855 2738 concilium
875 2680 944 2738 satis
958 2679 1055 2737 habuit
1067 2688 1098 2737 ut
1116 2698 1169 2738 sua
1187 2678 1286 2738 volun·

197 2783 251 2834 tate
265 2776 353 2834 libere
363 2779 545 2847 consentiret,
556 2779 669 2835 etiarnsi
677 2778 832 2836 infortunio
842 2787 870 2836 et
880 2776 1048 2836 abductione
1059 2797 1094 2836 eo
1104 2777 1286 2836 determinari

196 2873 348 2933 videretur.
370 2875 412 2933 Ut
424 2885 520 2953 raptus
540 2877 578 2934 sit
596 2876 844 2953 impedimentum,
858 2897 977 2936 necesse
991 2896 1051 2937 non
1070 2885 1114 2936 est
1135 2886 1165 2935 ut
1184 2877 1286 2936 mulier

196 2971 300 3030 violata
312 2974 414 3032 suerit:
428 2975 454 3033 si
474 2975 552 3032 enim
572 2975 600 3032 vi
622 2973 742 3034 abducta
760 2977 799 3034 sit
820 2995 906 3035 causa
925 2975 1097 3034 matrimonii
1111 2976 1167 3034 hoo
1187 2977 1287 3049 nequit

196 3071 273 3140 iniri,
286 3073 344 3131 nisi
356 3074 420 3148 ipsa
441 3073 564 3132 libertati
583 3074 720 3132 restituta.
762 3075 797 3134 Iu
809 3075 874 3133 loco
893 3074 984 3132 libero
1006 3083 1035 3130 et
1056 3082 1114 3131 tuto
1137 3075 1288 3132 constituta

196 3173 300 3248 poterit
311 3173 472 3230 consentire
485 3172 516 3230 iu
528 3173 741 3232 matrimonium
754 3193 762 3230 ι
783 3191 840 3246 qua
854 3173 960 3231 ratione
973 3172 1081 3230 nullum
1101 3171 1222 3247 amplius
1244 3179 1288 3228 est

197 3269 445 3346 impedimentum,
463 3269 512 3328 aed
526 3281 623 3347 raptor
635 3273 756 3349 ejusque
776 3272 901 3331 lautores
913 3270 1209 3329 excommunicatione
1222 3269 1287 3346 ipso

193 3367 258 3444 jure
281 3369 380 3426 irretiti
393 3377 518 3427 manent.
551 3370 623 3428 Alie
643 3371 728 3429 etiam
747 3378 863 3429 manent
882 3389 932 3429 eos
952 3387 1054 3446 poeuae,
1065 3368 1172 3446 judicis
1193 3378 1287 3426 tamen

199 3467 338 3524 sententia
348 3466 544 3526 decernendo.

237 3567 308 3622 209.
330 3564 388 3631 Qui
401 3585 536 3642 sponsam
549 3567 604 3624 sibi
617 3567 769 3646 obligatam
788 3567 818 3626 vi
839 3566 913 3643 rapit
933 3567 1061 3635 invitam,
1081 3564 1287 3642 impedimento

197 3663 263 3731 hoc,
277 3663 365 3721 instar
378 3665 509 3732 aliorum,
524 3665 681 3724 detineturt
702 3684 769 3724 nam
791 3665 937 3742 sponsalia
956 3684 1016 3725 non
1035 3663 1103 3724 dant
1117 3667 1167 3744 jus
1181 3664 1216 3724 ad
1230 3666 1289 3724 vim

198 3762 388 3833 inserendam,
402 3766 524 3842 ipseque
537 3783 604 3822 vere
617 3765 719 3823 dicitur
737 3773 843 3842 raptor,
859 3766 944 3844 juxta
962 3765 1074 3826 obviam
1087 3767 1166 3825 vocis
1180 3764 1288 3841 signifi·

200 3861 353 3920 ostionem.

238 3962 309 4017 210.
338 3960 446 4019 Mulier
466 3963 497 4021 vi
515 3962 631 4038 rapiens
650 3960 798 4020 hominem
823 3980 861 4020 ex
882 3961 1058 4020 matrimonii
1084 3959 1206 4017 consilio
1231 3976 1290 4016 non

200 4057 318 4118 incurrit
342 4059 590 4136 impedimentum,
616 4076 671 4118 nec
698 4059 775 4118 enim
795 4058 845 4135 jus
870 4076 930 4118 rem
957 4055 1028 4116 adeo
1053 4075 1143 4115 reram
1163 4057 1289 4133 respicit.

235 4275 279 4341 (1)
298 4273 409 4326 ΒοΜιι.
421 4277 437 4326 l
448 4277 474 4327 ii.
485 4294 510 4328 ιι.
522 4281 580 4328 91³.
782 4277 826 4343 (t)
849 4275 909 4325 Vide
920 4274 982 4324 ets.
993 4273 1069 4340 Alph.
1080 4273 1096 4322 l.
1107 4272 1140 4324 vi.
1153 4287 1180 4322 ιι.
1193 4275 1265 4322 1107.

583 4363 626 4430 (3)
644 4359 924 4413 &Mutuom

238 4469 315 4530 Vol..
331 4469 470 4532 [IL-32
