3124 5168
385 551 443 615 DE
464 547 741 612 RECEPTIONE
761 546 1159 610 SACRAMENTORUM.
1278 552 1316 610 21

230 716 441 786 contritionem,
454 715 501 776 vel
522 717 704 785 attritionem,
724 734 788 790 que
811 713 930 776 includit
948 714 1120 792 implicitum
1145 713 1319 774 desiderium

230 815 363 874 omnibus
376 815 471 876 utendi
483 814 519 874 ad
532 815 651 886 salutem
666 815 875 889 assequendam
889 814 1057 874 necemariis
1070 808 1231 874 subsidiis.¹

270 917 319 972 41.
340 913 463 976 Intentio
477 914 696 992 interpretativa,
710 933 795 989 quam
808 915 918 974 seilicet
934 914 999 988 quis
1019 914 1199 991 presumitur
1210 911 1320 972 habitu·

229 1030 289 1081 rus,
309 1012 335 1070 si
354 1012 390 1072 da
416 1022 592 1074 sacramento
611 1014 796 1092 suscipiendo
816 1015 941 1091 cogitare
962 1022 1070 1090 posset,
1091 1011 1198 1071 sufficit
1219 1011 1319 1070 saltem

229 1110 324 1184 quoad
346 1123 504 1172 extremam
523 1113 707 1190 unctionem
729 1113 885 1192 prescribit
909 1113 987 1171 enirn
1014 1111 1127 1172 Rituale
1153 1110 1210 1170 hoc
1229 1127 1319 1170 saera·

229 1219 358 1270 mentum
373 1211 557 1289 prebendam
570 1213 703 1272 sensibus
717 1212 857 1272 destitutis
879 1212 958 1285 “qui
977 1221 1060 1270 antea
1079 1208 1149 1269 illud
1167 1209 1319 1286 petierunt,

230 1326 281 1368 seu
302 1311 505 1371 verosimiliter
522 1304 721 1387 petiissent.”²
760 1311 834 1370 Haeo
853 1312 984 1370 voluntas
1004 1310 1145 1370 universis
1159 1307 1320 1369 Catholicis

224 1408 291 1484 jure
311 1410 491 1470 existimatur
516 1410 623 1478 inesse,
650 1411 707 1469 nisi
727 1409 899 1468 contrarium
922 1418 1050 1479 constet3
1077 1407 1205 1486 adjungit
1223 1417 1320 1468 tamen

230 1505 364 1566 Rituale:
385 1517 405 1544 “
414 1509 660 1586 impoenitentibus
673 1505 750 1576 verb,
764 1509 855 1580 etqui
868 1509 898 1566 in
912 1507 1063 1569 manifesto
1076 1515 1194 1585 peccato
1207 1505 1320 1566 mortali

233 1605 403 1675 moriuntur,
418 1648 426 1664 .
442 1648 450 1665 .
467 1649 474 1665 .
489 1608 603 1684 penitus
617 1606 802 1685 denegetur.”
845 1605 955 1666 Censet
967 1608 1154 1668 nihilominus
1168 1606 1244 1665 Viva
1255 1623 1320 1684 pro·

232 1702 371 1772 babiliter,
381 1705 479 1782 judice
493 1706 525 1766 S.
539 1706 699 1784 Alphonso,
717 1724 793 1783 aegro
813 1706 904 1779 quiin
920 1715 983 1765 actu
996 1708 1105 1784 peccati
1117 1705 1245 1766 mortalis
1258 1722 1323 1764 seu·

230 1802 310 1860 sibus
336 1803 419 1862 suerit
438 1805 598 1874 destitutus,
618 1813 774 1865 artemam
795 1806 958 1865 unctionem
978 1808 1031 1866 rub
1044 1805 1209 1866 conditione
1222 1804 1321 1864 minis·

230 1899 368 1971 trandam,
389 1921 424 1963 eo
444 1904 521 1978 quod
541 1905 604 1964 lieri
623 1906 717 1984 possit
735 1914 767 1963 ut
785 1905 904 1964 interius
930 1904 1026 1964 doleat
1044 1905 1080 1964 ds
1101 1904 1222 1964 crimine
1243 1900 1321 1978 quod

232 1999 368 2078 patrabat,
382 2004 554 2076 quinalium
568 2003 673 2064 doloris
687 2003 827 2064 indicium
840 2003 933 2062 valeat
944 1999 1097 2081 praebere.³

268 2105 318 2160 42.
340 2101 473 2162 Eandem
486 2104 675 2164 intentionem
687 2104 928 2182 interpretativam
948 2103 1080 2162 sufficere
1105 2102 1141 2162 ad
1161 2101 1322 2161 ministran-

229 2197 296 2260 dam
309 2198 519 2262 Eucharistiam
533 2213 562 2261 et
573 2204 830 2272 confirmationem,
849 2202 933 2281 Lago
952 2204 1107 2280 pluresque
1126 2201 1175 2260 alii
1192 2207 1320 2260 censent.

228 2297 277 2357 Ad
290 2298 503 2357 matrimonium
516 2309 621 2367 autem,
632 2319 720 2372 quum
734 2310 893 2358 conmeatus
907 2312 1042 2375 sequatur
1054 2311 1193 2370 naturam,
1203 2299 1324 2372 requiri·

230 2405 276 2456 tur
288 2394 391 2454 saltem
404 2395 532 2454 virtualis
546 2396 675 2463 intentio,
691 2413 753 2468 quae
770 2396 890 2455 habetur
902 2399 986 2456 etiam
1000 2397 1115 2472 quando
1128 2415 1179 2474 per
1190 2414 1324 2474 procura·

230 2504 308 2556 tores
328 2494 524 2563 contrahitur,
544 2493 576 2553 hi
595 2494 675 2553 enim
697 2501 786 2570 agunt
807 2494 837 2551 vi
855 2493 991 2563 mandati,
1011 2504 1040 2554 et
1058 2513 1111 2572 per
1132 2512 1183 2556 eos
1204 2492 1324 2573 proinde

226 2579 394 2658 mandantes
407 2611 501 2672 agere,
516 2593 629 2652 etiamsi
649 2600 715 2652 tunc
736 2593 872 2670 temporis
888 2593 931 2652 nil
943 2593 979 2652 de
993 2593 1175 2654 matrimonio
1188 2593 1324 2672 cogitent,

228 2693 432 2770 intelliguntur.
474 2693 646 2753 Paenitentia
671 2709 797 2766 quoque,
817 2693 901 2770 juxta
926 2693 1034 2770 plures,
1061 2693 1154 2772 exigit
1172 2692 1322 2754 virtualem

229 2792 424 2861 intentionem,
434 2811 522 2866 quum
534 2792 698 2871 penitentis
712 2803 791 2850 actus
804 2793 928 2852 materie
941 2793 1037 2853 locum
1045 2801 1179 2854 teneant:
1193 2792 1246 2852 sed
1259 2809 1324 2852 eam

230 2891 335 2952 habere
344 2889 502 2951 censendus
511 2901 554 2951 est
564 2893 613 2966 qui
621 2891 781 2961 confitetur,
792 2899 824 2950 ut
837 2891 986 2970 deinceps,
997 2902 1063 2971 post
1072 2891 1189 2968 aliquod
1198 2900 1324 2970 tempus,

232 2989 403 3058 absolvatur,
417 3008 449 3048 se
467 2992 721 3069 impraesentiarum
734 2990 906 3050 absolutioni
928 2991 1115 3068 suscipiende
1134 2990 1212 3050 haud
1225 2990 1323 3051 existi·

230 3107 312 3150 mans
325 3088 473 3151 idoneum.

269 3193 320 3250 43.
341 3188 434 3248 Licita
445 3198 475 3248 et
486 3190 630 3250 fructuosa
651 3194 892 3247 sacramentorum
914 3189 1061 3265 susceptio
1080 3195 1134 3256 est,
1149 3184 1263 3272 quando
1281 3203 1323 3244 eo

232 3286 529 3363 animidispositiones
540 3288 704 3357 afferuntur,
715 3307 779 3362 quae
789 3287 944 3362 unicuique
952 3297 1130 3347 'sacramento
1140 3285 1322 3346 conveniunt.

232 3385 370 3454 Infantes,
384 3393 416 3443 ut
427 3394 513 3462 patet,
524 3386 601 3446 nulla
612 3395 696 3464 egent
714 3387 920 3464 dispositione3
941 3387 993 3446 sed
1005 3389 1124 3465 gratuita
1136 3404 1254 3463 prorsus
1265 3385 1322 3446 Dei

231 3484 435 3555 misericordia,
455 3505 508 3563 per
527 3485 638 3546 Christi
657 3488 766 3554 merita,
788 3487 885 3564 matie
906 3485 981 3544 dona
1000 3494 1208 3560 assequuntur:
1236 3482 1325 3542 adulti

231 3585 298 3673 verb
322 3594 453 3646 tenentur
474 3585 542 3655 fide,
566 3605 628 3664 spe,
651 3585 719 3645 odio
741 3595 770 3645 et
789 3585 975 3646 detestatione
988 3585 1109 3664 peccati,
1124 3594 1153 3643 et
1164 3601 1246 3644 nove
1260 3583 1324 3642 vita

232 3685 381 3762 proposito
395 3702 426 3742 ve
440 3684 475 3743 ad
485 3685 721 3762 justificationem
735 3686 764 3744 in
776 3685 917 3762 baptismo
936 3687 1090 3764 disponere
1099 3681 1125 3743 :⁴
1144 3686 1203 3746 imo
1226 3683 1321 3743 Deum

232 3782 336 3842 debent
356 3800 454 3842 amoro
476 3783 601 3857 quodam
622 3785 769 3860 prosequi,
783 3791 928 3857 tamquam
949 3787 1043 3844 omnis
1061 3772 1180 3863 justitie
1201 3783 1318 3842 sontem.

231 3881 404 3942 Paenitentia
422 3883 519 3952 etiam,
540 3891 643 3961 praeter
663 3875 874 3943 consessionem
886 3892 1075 3960 peccatorum,
1102 3882 1204 3942 eadem
1224 3880 1324 3954 exigit.

234 3977 348 4038 Cetera
356 3993 602 4056 sacramentaque
610 3982 750 4044 vivorum
760 3983 900 4052 dicuntur,
912 4002 1002 4057 quum
1012 3984 1060 4044 illa
1069 3982 1125 4042 duo
1134 3983 1326 4041 mortuorum

232 4087 442 4157 nuncupentur,
463 4081 539 4142 licite
565 4100 624 4143 non
647 4084 850 4162 suscipiuntur,
863 4083 921 4142 nisi
941 4101 980 4142 ex
992 4080 1125 4159 prudenti
1137 4073 1325 4155 persuasione

232 4176 269 4238 de
281 4179 371 4257 gratia
383 4180 533 4258 impetrata
544 4181 591 4242 vel
600 4181 788 4251 absolutione,
799 4200 863 4256 quae
873 4178 992 4242 omnind
1002 4178 1164 4252 requiritur,
1174 4180 1325 4247 antequam

233 4276 269 4339 ad
282 4278 497 4342 Eucharistiam
510 4281 635 4352 accedat,
654 4284 704 4356 qui
724 4283 781 4341 sibi
802 4279 917 4339 lethalis
930 4277 1041 4356 peccati
1060 4281 1104 4331 est
1122 4272 1266 4345 conscius,
1280 4274 1326 4336 vel

301 4439 344 4507 (l)
363 4438 402 4490 La
413 4438 496 4493 croix.
509 4442 525 4490 1.
536 4457 559 4490 v.
570 4456 594 4506 p.
605 4441 622 4490 i.
634 4454 659 4489 n.
673 4442 729 4489 loe.
831 4437 874 4502 (2)
893 4433 932 4484 De
942 4437 1002 4480 extr·
1014 4437 1080 4484 unct

303 4524 345 4589 (3)
365 4522 395 4573 L.
407 4524 439 4576 vi.
450 4540 475 4574 n.
488 4528 529 4575 82.
832 4520 874 4586 (4)
894 4516 972 4568 Cone.
984 4515 1052 4569 Trid·
1064 4515 1128 4570 Sese.
1140 4518 1172 4569 vi.
1185 4535 1205 4570 o.
1216 4520 1248 4570 vi.
