3144 5192
250 533 306 592 lut
432 525 488 586 DE
509 522 837 586 JURISDICTIONE
859 523 1149 586 CONFESSARII.

248 697 359 773 quotics
373 712 423 752 eos
433 692 562 771 deputari
576 687 750 769 contigerit.¹
782 690 879 751 Dandi
890 702 957 751 sunt
969 703 1063 752 autern
1069 694 1112 752 bis
1121 702 1199 752 terve
1208 693 1237 752 in
1250 711 1335 762 anno,

249 796 393 875 aprrelato
402 793 524 871 regulari
538 811 576 852 ex
590 791 754 869 approbatis
765 791 957 869 abepiscopo,
967 792 1013 850 vcl
1027 793 1061 851 ab
1075 794 1214 870 episcopo
1225 795 1300 870 ipso,
1312 796 1338 852 si

146 969 151 984 ι
248 897 297 957 ille
313 894 482 974 neglexerit,
496 893 546 966 qui
559 891 644 950 etiam
665 889 731 948 dare
743 899 839 967 potest
857 889 1062 950 confessarium
1083 893 1336 952 extraordinarium

248 993 366 1056 moniali
385 993 415 1052 in
428 993 528 1052 mortis
541 990 679 1068 periculo,
692 990 719 1047 si
732 989 862 1066 praelatus
876 990 1011 1066 regularis
1025 1002 1147 1049 recuset.
1184 992 1233 1050 Ex
1248 993 1336 1051 altero

249 1095 360 1162 ordine,
375 1093 422 1153 vel
444 1110 481 1150 ex
503 1090 579 1149 clero
602 1088 739 1156 seculari,
760 1089 951 1148 confessarius
972 1088 1209 1148 extraordinarius
1235 1092 1337 1150 saltem

250 1194 340 1254 semel
352 1194 382 1252 in
395 1209 470 1250 anno
483 1187 645 1267 seligendus
660 1198 712 1246 est.
735 1187 912 1248 Monialibus
926 1189 1002 1246 haud
1015 1190 1157 1266 exemptis
1170 1190 1336 1249 confessarii

249 1289 464 1354 extraordinarii
478 1290 522 1348 bis
536 1297 612 1346 terve
626 1287 655 1344 in
669 1305 744 1346 anno
758 1287 792 1345 ab
806 1289 944 1366 episcopo
957 1288 1044 1346 dandi
1057 1283 1148 1346 sunt²

290 1394 360 1450 139.
382 1389 560 1448 Confessarii
574 1387 742 1446 monialium
756 1397 951 1466 exemptarum
965 1397 1169 1463 praesentantur
1182 1407 1198 1444 a
1215 1391 1338 1466 propriis

250 1490 384 1569 prelatis,
403 1498 432 1546 et
454 1488 645 1565 approbantur
658 1488 692 1544 ab
706 1486 870 1564 episcopis:
886 1488 980 1545 caeteri
994 1487 1028 1545 ab
1042 1487 1113 1563 ipsis
1127 1488 1273 1565 episcopis
1287 1489 1338 1548 eli·

251 1598 364 1668 guntur.
399 1588 483 1646 Ultra
502 1585 653 1646 triennium
668 1586 736 1663 eligi
749 1595 895 1658 nequeunt
907 1587 1013 1659 absque
1033 1585 1149 1645 licentia
1162 1587 1194 1644 S.
1210 1586 1339 1664 Congre-

252 1689 390 1768 gationis:
403 1685 463 1744 sed
485 1684 560 1762 apud
573 1705 626 1744 nos
647 1685 823 1756 consuetudo
846 1686 953 1744 obtinet
965 1694 997 1744 ut
1009 1687 1163 1762 episcopus
1183 1705 1245 1755 cos,
1260 1687 1339 1746 nullo

252 1787 390 1866 temporis
401 1786 491 1845 limite
506 1786 647 1861 apposito,
662 1782 801 1861 designet.
823 1785 872 1844 Ex
880 1785 959 1861 justa
971 1803 1056 1844 causa
1066 1795 1188 1861 possunt
1199 1786 1337 1845 moniales
1368 1845 1371 1850 ,

252 1906 383 1948 recusare
405 1885 610 1946 confessarium
634 1884 826 1962 abepiscopo
851 1884 1047 1962 designatum:
1072 1903 1128 1959 qua
1150 1886 1231 1944 inre
1251 1903 1339 1958 quum

253 1997 350 2066 agatur
362 1986 398 2044 de
411 1987 568 2044 animarum
582 1984 683 2050 salute,
697 2001 756 2042 non
769 1983 855 2043 nimis
869 1983 1016 2043 difficilem
1030 2003 1062 2043 se
1075 1984 1158 2042 debet
1171 1985 1334 2060 episcopus,

254 2088 391 2164 prebere.
432 2085 540 2142 Vioarii
561 2081 728 2149 Generales,
743 2084 870 2160 parochi,
882 2085 906 2142 si
927 2102 995 2142 cura
1011 2082 1173 2144 notabiliter
1192 2083 1341 2142 loedcretur

255 2194 284 2244 et
296 2201 396 2243 omnes
420 2183 580 2261 Regulares
600 2182 786 2260 prohibentur
805 2184 873 2261 eligi
892 2184 922 2242 in
942 2183 1133 2243 confessarios
1156 2182 1338 2251 monialium:

256 2283 308 2343 sed
327 2282 506 2342 sacerdotum
525 2282 674 2343 deficiente
700 2281 775 2360 apud
803 2301 856 2342 nos
882 2284 976 2360 copia,
989 2284 1146 2360 episcopus
1166 2301 1338 2357 quemquam

257 2385 393 2444 idoneum
408 2402 460 2459 pro
474 2401 527 2442 suo
540 2383 655 2443 arbitrio
669 2381 808 2461 designat.

299 2488 367 2542 140.
389 2482 620 2542 Confessionalia
645 2483 810 2542 monialium
825 2483 855 2541 in
868 2483 1006 2550 sacristia,
1019 2482 1065 2542 vel
1078 2483 1142 2542 aliis
1161 2483 1191 2541 in
1205 2481 1275 2542 locis
1295 2500 1342 2542 oc·

257 2585 340 2644 cultis
360 2602 418 2642 non
431 2592 498 2641 sunt
517 2581 661 2660 erigenda,
675 2581 726 2638 sed
746 2583 776 2640 in
796 2582 945 2640 ecclesiis:
970 2583 1118 2655 solentque
1138 2582 1177 2640 ita
1196 2583 1296 2649 locari,
1311 2592 1343 2640 ut

258 2682 392 2741 sacerdos
418 2683 447 2740 in
470 2681 592 2739 ecclesia
612 2681 658 2748 sit,
673 2680 791 2740 moniali
810 2680 882 2738 intra
907 2683 1117 2748 monasterium,
1131 2681 1209 2753 quod
1234 2682 1342 2757 pariete

257 2792 365 2840 tantum
383 2789 536 2855 separatur,
551 2780 654 2856 posita.
686 2781 828 2855 Aspectur
848 2789 962 2840 mutuus
984 2781 1148 2840 confessarii
1168 2791 1197 2838 et
1211 2779 1343 2838 monialis

258 2882 289 2938 in
302 2886 378 2936 tanto
393 2895 509 2936 munere
529 2877 660 2938 obeundo
680 2879 811 2938 vitandus
825 2888 877 2939 est.
912 2879 985 2939 lloec
1004 2879 1139 2958 pleraque
1161 2898 1198 2938 ex
1221 2879 1345 2939 decretis

260 2980 292 3038 S.
308 2977 405 3057 Oong.
419 2977 494 3056 apud
508 2978 540 3036 S.
555 2978 747 3055 Alphonsum.

301 3082 369 3138 141.
391 3077 610 3138 Conservatoria
630 3079 798 3155 puellarum,
813 3096 850 3136 ex
870 3077 1019 3139 Benedicti
1033 3078 1118 3139 XlV.
1132 3079 1342 3144 constitutione,

259 3187 343 3257 egent
362 3177 534 3238 confessario
547 3179 582 3237 ab
596 3180 734 3255 episcopo
755 3177 915 3254 specialiter
936 3178 1102 3256 approbato,
1116 3179 1165 3252 qui
1186 3187 1250 3256 post
1262 3179 1344 3236 trien·

260 3281 340 3338 nium
353 3277 436 3335 debet
448 3278 560 3337 muneri
574 3279 745 3337 renuntiare.
774 3277 860 3354 Apud
874 3296 926 3337 nos
935 3277 1093 3355 puellarum
1104 3277 1345 3356 orphanotrophia

261 3397 317 3438 non
330 3376 462 3436 videntur
473 3376 527 3435 hac
540 3377 605 3454 lege
619 3376 761 3436 adstricta.

302 3481 369 3536 142.
391 3476 510 3536 Sorores
523 3475 666 3534 charitatis
680 3476 817 3535 moniales
830 3494 888 3534 non
902 3486 977 3545 sunt,
992 3475 1113 3550 ideoque
1127 3495 1175 3535 eas
1195 3496 1252 3535 non
1266 3493 1345 3552 spec-

261 3583 319 3634 tant
332 3574 545 3632 constitutiones
553 3585 582 3634 et
594 3574 705 3632 decreta
718 3593 780 3648 quae
794 3576 999 3635 recensuimus.
1022 3575 1225 3635 Confessariur
1238 3593 1345 3640 earum,

258 3677 342 3751 juxta
355 3673 524 3739 institutum,
539 3691 555 3730 a
574 3675 719 3749 superiore
733 3674 899 3750 designatur
912 3693 949 3733 ex
971 3676 1133 3752 approbatis
1156 3675 1189 3733 ab
1209 3676 1346 3752 episcopo

262 3771 296 3832 ad
317 3769 471 3830 audiendas
497 3771 713 3830 confessiones:
735 3771 786 3831 sed
812 3773 943 3849 specialis
964 3775 1132 3852 approbatio
1155 3773 1189 3832 ad
1212 3773 1346 3852 jurisdic-

262 3874 369 3932 tionem
382 3871 473 3929 ineas
487 3869 784 3945 tribuendamrequiri
797 3890 855 3931 non
870 3871 990 3932 videtur.
1033 3873 1177 3933 Coeterum
1195 3873 1347 3951 episcopus

262 3974 365 4052 poterit
384 3970 546 4030 facultatem
566 3989 613 4028 cas
627 3970 761 4032 audiendi
782 3972 914 4047 excipere
935 3991 972 4030 ex
985 3973 1174 4042 facultatibus,
1188 3991 1259 4046 quas
1281 3972 1349 4044 mis-

263 4072 394 4133 sionariis
408 4070 551 4148 plerisque
564 4070 713 4130 concedit:
729 4070 805 4147 quod
819 4072 848 4130 ni
859 4071 966 4140 fecerit,
980 4072 1092 4132 videtur
1101 4072 1195 4132 valere
1209 4070 1349 4130 absolutio

261 4175 298 4232 iis
312 4189 448 4232 concessa
461 4190 478 4228 a
490 4170 633 4230 sacerdote
648 4171 724 4230 haud
736 4172 897 4249 specialiter
909 4172 1063 4248 approbato
1076 4171 1113 4232 ad
1126 4191 1223 4232 earum
1238 4169 1349 4238 confes·

260 4272 356 4330 aiones
371 4270 534 4330 audiendas.
738 4257 743 4260 ’

331 4443 373 4509 (1)
392 4441 456 4492 Vide
468 4443 572 4494 Constit.
584 4445 640 4494 VH.
650 4445 728 4497 clem.
740 4445 773 4496 X.
785 4452 809 4494 ct
820 4444 918 4518 Bullam
930 4443 1093 4498 lacerabit·
1104 4442 1215 4508 Gregorii
1225 4440 1283 4492 XV.

298 4548 304 4552 ·
331 4529 373 4594 (2)
392 4527 485 4578 Bened.
493 4528 563 4578 XIV.
575 4529 648 4580 Bulla
660 4530 807 4592 Pnatorclr'a,
818 4532 882 4582 edita
893 4535 909 4580 6
920 4534 986 4593 Aug.
1001 4531 1073 4581 1748.
1184 4585 1189 4594 ,
