3144 5192
566 523 623 582 DE
644 518 955 580 ABSOLU'I'IONE.
1249 527 1308 586 219

216 691 272 750 labi
305 689 470 773 consuevit:
505 690 551 749 rel
574 689 600 747 si
620 697 686 766 post
705 697 849 746 certamen
877 706 1012 765 magnum
1039 687 1187 746 tentationi
1212 690 1308 748 cessit.

216 789 274 849 III.
302 789 419 848 Pietatis
440 789 577 848 exercitia
596 786 631 846 ad
656 785 876 864 precavendum
902 786 1016 864 lapsum
1042 795 1185 863 suscepta,
1206 806 1241 846 v:
1270 807 1307 865 g:

215 890 336 967 jejunia,
350 889 552 966 eleemosynae,
566 888 720 954 orationes,
741 905 822 944 sacer
841 903 983 955 secessus,
998 886 1065 963 fuga
1078 887 1271 956 occasionum,
1282 897 1310 946 et

219 1006 281 1061 quoe
295 989 470 1066 praescripsit
483 987 674 1046 confessarius
694 995 823 1044 accurate
844 985 969 1061 impleta.
1012 986 1067 1044 IV.
1088 985 1207 1044 Solicita
1219 987 1311 1060 lnqui-

218 1088 284 1146 sitio
306 1088 498 1146 subsidiorum
520 1087 623 1159 quibus
647 1103 678 1142 se
701 1086 810 1144 muniat
829 1093 927 1142 eontra
946 1085 1132 1153 tentationem
1154 1098 1183 1142 et
1208 1105 1311 1162 magna

217 1188 305 1245 animi
319 1187 515 1264 promptitudo
528 1186 563 1245 ad
577 1205 612 1244 aa
625 1184 830 1260 amplectenda.
873 1184 911 1241 V.
933 1183 1088 1242 Confessio
1109 1193 1211 1260 sponte
1225 1185 1308 1254 facta,

219 1285 296 1343 haud
318 1287 434 1344 alterius
454 1287 550 1363 jussu,
570 1285 617 1342 vel
640 1292 756 1359 rogatu3
787 1291 868 1340 extra
889 1293 1015 1358 tempora
1036 1293 1183 1351 consueta,
1204 1292 1310 1342 etcum

218 1403 323 1462 magno
337 1385 382 1442 sui
396 1383 590 1442 incommodo.
633 1381 686 1439 VI.
709 1382 742 1439 Si
757 1382 899 1458 poeuitens
921 1383 1082 1449 accesserit,
1096 1382 1244 1440 subitanea
1261 1383 1310 1442 ali·

220 1484 303 1559 eujus
314 1493 415 1552 morte,
430 1483 476 1541 vel
490 1491 593 1541 eventu
607 1481 673 1549 alio,
689 1481 739 1554 qui
754 1500 819 1538 cum
834 1479 938 1538 divinis
947 1479 1065 1558 judiciis
1075 1498 1222 1540 connexus
1235 1481 1312 1540 vide·

217 1591 271 1649 tur,
286 1601 458 1658 percussum
479 1582 524 1639 vel
536 1581 717 1639 vehementer
730 1589 893 1639 commotus
904 1599 941 1638 ex
955 1579 1146 1655 predicatoris
1160 1581 1307 1640 concione.

221 1680 291 1738 VII.
307 1681 340 1738 si
350 1689 465 1757 peccata
478 1700 541 1754 quae
556 1681 633 1757 prIua
649 1698 705 1756 prae
721 1678 827 1755 pudore
839 1679 944 1746 omisit,
960 1679 1136 1738 confiteatur.
1178 1680 1262 1738 VIII.
1278 1681 1316 1742 S‘t

219 1799 280 1838 rem
295 1781 416 1838 ablatam
431 1780 587 1847 abstulerit,
608 1779 654 1836 vel
672 1777 841 1836 satisfecerit
858 1778 937 1846 laeso,
958 1787 990 1836 ut
1008 1797 1040 1836 se
1063 1777 1097 1835 ad
1117 1779 1312 1838 confitendum

220 1889 339 1956 pararet.
381 1880 435 1939 IX.
458 1881 491 1938 Si
505 1897 541 1938 ex
556 1869 724 1936 confessarii
736 1878 893 1936 hortatione
908 1876 1034 1936 videatur
1043 1897 1117 1935 novo
1127 1879 1235 1955 peceati
1245 1876 1312 1938 odio

219 1978 347 2056 flagrare.

508 2215 534 2288 §.
555 2215 610 2272 IV.
652 2213 700 2272 Du
722 2232 846 2273 nouorrs
865 2231 1015 2273 nurnero.

259 2384 330 2439 204.
352 2380 503 2440 Absolutio
522 2381 678 2441 differenda
698 2393 751 2451 est,
772 2384 884 2455 quoties
906 2401 965 2441 non
988 2383 1057 2441 satis
1077 2383 1131 2441 sibi
1145 2402 1312 2460 persuasum

221 2478 307 2538 habet
332 2479 524 2538 confessarius
545 2482 728 2557 poenitentem
749 2484 844 2540 animo
864 2500 930 2540 vere
957 2481 1062 2548 dolere,
1084 2490 1113 2540 et
1132 2485 1312 2560 propositum

221 2578 316 2638 fovere
331 2589 478 2656 peecatum
492 2579 632 2638 evitandi:
655 2581 781 2658 prudens
802 2582 909 2658 quippe
923 2581 1046 2658 exigitur
1058 2579 1093 2638 de
1107 2601 1141 2641 eo
1157 2582 1311 2660 judicium,

220 2686 251 2736 ut
264 2679 327 2751 quis
349 2681 462 2737 veniam
483 2680 625 2756 impetret.
669 2679 751 2758 Opus
775 2678 891 2752 quidem
912 2699 971 2740 non
994 2690 1038 2739 est
1061 2680 1116 2739 sibi
1141 2682 1311 2759 persuadere

220 2779 404 2854 poenitentem
418 2777 495 2836 haud
509 2779 632 2855 amplius
645 2779 804 2855 lapsurum,
816 2799 881 2839 nam
897 2780 977 2839 Deus
986 2781 1183 2858 ignoscitvere
1194 2781 1312 2850 dolenti,

221 2878 328 2949 quiex
350 2878 446 2935 animo
467 2879 604 2954 proponit
623 2888 770 2954 peecatum
791 2879 890 2948 vitare,
914 2890 942 2938 et
961 2878 1133 2938 adminicula
1152 2882 1314 2939 necessaria

221 2974 367 3045 adhibere,
380 2974 448 3034 lieet
468 2976 621 3051 praevideat
640 2996 706 3036 eum
733 2977 885 3050 aliquando
911 2997 927 3034 a
952 2979 1027 3036 bono
1047 2977 1222 3038 defecturum
1248 2997 1313 3054 pro·

222 3074 327 3150 posito.
370 3073 429 3132 Sed
450 3075 475 3133 si
495 3075 601 3134 haereat
620 3079 716 3135 anImo
729 3077 920 3135 confessarius
941 3077 976 3134 de
990 3077 1152 3153 poenitentis
1166 3078 1313 3153 proposito

221 3173 334 3232 sincero
348 3182 376 3230 et
389 3172 498 3242 dolore,
514 3193 571 3233 non
584 3175 669 3233 debet
680 3186 786 3234 temere
798 3176 956 3245 absolvere,
971 3175 1085 3233 omissis
1099 3175 1234 3233 subsidiis
1249 3194 1312 3248 quae

221 3272 426 3332 dubitationem
441 3274 548 3332 tollant.
590 3275 626 3356 Si
645 3286 745 3352 urgeat
764 3275 928 3334 celebrandi
947 3274 1113 3342 necessitas,
1134 3275 1186 3332 erit
1206 3276 1313 3352 gravis·

221 3371 296 3430 sima
309 3372 379 3430 ratio
392 3391 442 3431 cur
467 3375 661 3450 poenitentiam
685 3375 828 3451 profitenti
848 3375 930 3434 detur
951 3373 1044 3431 statim
1068 3375 1161 3440 venia,
1184 3393 1220 3432 ne
1241 3375 1313 3432 cele·

220 3473 300 3530 brare
323 3482 440 3550 cogatur
462 3473 557 3530 anima
577 3473 653 3532 haud
674 3473 823 3532 mundata:
843 3493 903 3532 non
923 3475 961 3532 ita
974 3482 1078 3537 tamen,
1106 3473 1141 3540 si,
1161 3493 1192 3532 re
1206 3474 1311 3550 saepius

224 3581 338 3639 tentate,
353 3591 469 3649 semper
482 3581 615 3630 noscatur
627 3573 746 3651 fragilis,
768 3583 836 3632 tunc
848 3574 935 3638 ,enim
955 3571 991 3630 de
1012 3570 1109 3630 dolore
1123 3573 1150 3630 el
1164 3576 1313 3651 proposito

220 3681 265 3729 est
287 3673 379 3749 gravis
403 3671 550 3730 dubitandi
571 3675 659 3732 ratio:
680 3682 708 3730 et
728 3672 948 3731 extraordinaria
967 3671 1088 3731 dolentis
1109 3674 1196 3732 animi
1210 3674 1315 3733 indicia

221 3770 363 3845 exigenda
388 3781 464 3828 sunt.
507 3772 540 3828 Si
563 3780 771 3829 sacramentum
791 3770 1006 3851 suscipiendum
1033 3774 1071 3830 rit
1094 3771 1246 3842 vinorum,
1272 3774 1314 3831 uti

222 3869 309 3932 aiunt,
324 3869 377 3925 erit
390 3869 475 3926 etiam
489 3870 559 3928 ratio
573 3888 624 3930 cur
636 3871 719 3928 detur
731 3871 871 3930 absolutio
892 3873 920 3930 ei
940 3871 988 3943 qui
1002 3870 1129 3929 dolorem
1144 3881 1172 3928 et
1184 3872 1314 3946 proposi·

222 3975 282 4024 tum
297 3965 452 4040 praesefert,
467 3986 513 4036 ne,
528 3971 636 4044 peccati
649 3969 713 4028 labe
726 3969 803 4029 haud
823 3971 957 4037 abstersa,
979 3968 1113 4047 indignus
1134 3968 1263 4026 accedat:
1278 3987 1311 4025 v:

220 4083 259 4144 g:
275 4065 301 4122 si
314 4065 524 4125 matrimonium
539 4078 731 4126 contracturus
743 4071 790 4127 sit.
832 4069 953 4136 Quoties
967 4066 1001 4125 de
1015 4066 1178 4143 poenitentis
1192 4065 1315 4142 disposi-

221 4165 302 4223 tione
316 4163 468 4232 dubitatnr,
489 4175 517 4222 et
529 4183 575 4223 res
589 4186 647 4226 non
661 4176 753 4244 urget,
768 4177 960 4245 opportunum
975 4166 1029 4224 erit
1042 4164 1251 4227 absolutionem
1266 4164 1315 4224 ali·

221 4264 360 4339 quamdiu
375 4261 501 4333 differre‚
516 4267 665 4344 praeceptis
680 4267 793 4325 iuterim
807 4268 921 4344 pietatis
935 4265 1090 4330 exercitiis,
1106 4264 1209 4337 quibus
1223 4265 1315 4326 muni·

222 4372 285 4421 atur
305 4363 335 4422 in
355 4363 430 4422 bono
450 4366 598 4440 proposito
619 4369 748 4427 animus:
770 4365 822 4423 sed
841 4367 936 4425 brevis
960 4362 1044 4422 debet
1063 4380 1127 4420 esse
1149 4363 1256 4432 dilatio,
1279 4383 1316 4424 ue

220 4461 389 4522 diuturniori
404 4482 486 4524 mora
499 4465 641 4542 poenitens
655 4464 777 4525 deficiat.
799 4465 857 4532 Qui
871 4483 923 4543 pro
936 4481 1015 4523 more
1026 4463 1133 4524 habent
1145 4465 1314 4542 prenitentes
