3124 5168
456 1098 807 1254 'annuemus
845 1161 939 1251 nn.
969 1161 1085 1252 ivr.

271 1451 479 1511 veneramus
505 1453 631 1512 Farrnn
657 1453 827 1511 salutemet
851 1450 1049 1529 Apostolicam
1075 1449 1319 1510 benedictionem.

231 1569 405 1645 Accepimus
419 1570 564 1644 Volumen
579 1588 671 1646 nuper
683 1590 700 1627 a
713 1569 758 1627 Te
773 1570 801 1628 in
817 1569 910 1628 lucem
929 1567 1036 1628 editum
1050 1575 1105 1626 tres
1126 1569 1319 1646 complectens

164 1751 168 1758 ³
234 1686 343 1763 priores
358 1687 508 1745 Tractatus
521 1686 698 1764 Dogmaticae
713 1686 895 1763 Theologire,
910 1704 997 1759 quarn
1018 1686 1048 1744 in
1068 1686 1232 1744 Americaui
1251 1705 1322 1764 pre·

163 1779 165 1782 Ι
234 1801 330 1859 sertim
354 1803 422 1861 cleri
447 1823 531 1861 usum
552 1805 673 1862 scribere
694 1823 776 1862 orsus
796 1822 838 1860 es.
874 1802 994 1860 Perlatae
1014 1803 1102 1862 simul
1116 1801 1150 1860 ad
1173 1803 1238 1861 Nos
1258 1812 1324 1862 suut

235 1915 348 1975 Litterae
363 1919 473 1994 pietatis
487 1930 515 1977 et
524 1920 653 1992 obsequii
667 1919 769 1996 plenae,
784 1918 854 1976 datae
869 1937 885 1974 a
898 1918 943 1976 Te
957 1917 1004 1976 die
1017 1922 1067 1976 2⁰.
1083 1919 1189 1977 mensis
1203 1919 1321 1996 Aprilis,

234 2034 336 2105 quibus
362 2035 517 2111 primordia
542 2037 642 2095 eadem
669 2037 709 2094 tui
733 2035 829 2112 operis
856 2034 932 2093 donc
956 2035 1050 2094 Nobis
1073 2034 1177 2094 offerre
1197 2036 1321 2094 voluisti.

237 2151 351 2212 Utinam
366 2155 484 2215 lectioni
498 2159 561 2233 ejus
584 2156 665 2214 Libri
680 2173 779 2213 vacare
794 2154 888 2212 Nobis
908 2154 1047 2222 licuisset,
1061 2153 1111 2212 sed
1125 2173 1184 2214 non
1202 2157 1323 2234 permis·

234 2282 316 2329 erunt
341 2275 541 2350 occupationes
566 2274 750 2350 gravissimae,
777 2273 883 2345 quibus
909 2290 960 2348 pro
987 2271 1167 2332 solicitudine
1194 2276 1323 2334 omnium

235 2386 430 2447 Ecclesiamm
445 2389 599 2446 infirmitati
612 2398 714 2447 nostrae
728 2389 793 2446 Deo
807 2397 920 2446 auctore
933 2389 1069 2463 imposita
1084 2390 1191 2466 jugiter
1208 2390 1324 2451 distine-

236 2523 307 2563 mur.
330 2505 402 2563 Nixi
416 2513 509 2564 autem
524 2506 624 2563 virtute
636 2504 771 2563 tuasacile
780 2504 875 2562 Nobis
887 2504 1064 2580 pollicemur,
1079 2505 1136 2574 Te,
1145 2506 1324 2567 Venerabilis

236 2621 343 2690 Frater,
353 2621 382 2680 in
397 2641 431 2681 eo
445 2621 618 2681 lucubrando
629 2640 715 2698 opero
726 2621 755 2679 id
764 2623 920 2697 praesertim
937 2629 1075 2698 spectare,
1086 2632 1117 2680 ut
1125 2623 1199 2682 nihil
1207 2625 1324 2684 omnino

236 2739 371 2820 proferas,
385 2739 463 2814 quod
476 2741 581 2798 saniori
601 2739 737 2798 doctrinae
759 2758 816 2797 non
829 2739 988 2798 conveniat.
1030 2740 1131 2813 ltaque
1149 2743 1251 2818 gratias
1272 2762 1324 2820 pro

236 2862 331 2921 officio
345 2863 454 2938 agimus
469 2871 497 2918 et
516 2861 671 2927 habemus;
693 2879 746 2918 nec
760 2878 826 2918 vero
840 2860 1080 2936 pretermittimus
1100 2860 1196 2921 Deum
1218 2863 1255 2922 Ο.
1278 2865 1321 2922 Μ.

237 2997 285 3054 per
299 2978 399 3035 merita
418 2978 565 3054 Unigeniti
577 2978 622 3035 sui
634 2976 705 3034 lesu
720 2975 830 3034 Christi
843 2977 1009 3053 suppliciter
1022 2995 1113 3046 orare,
1127 2988 1159 3036 ut
1171 2978 1244 3037 adsit
1256 2980 1324 3038 Tibi

237 3094 375 3170 propitius
403 3095 432 3152 in
458 3092 628 3150 abundantia
650 3092 756 3169 gratiae,
771 3110 828 3164 quo
853 3099 913 3150 tum
933 3093 1047 3168 scriptis
1068 3093 1241 3169 hujusmodi,
1264 3107 1323 3156 tum

235 3210 371 3288 adjutrice
384 3228 471 3286 opera
484 3227 537 3285 pro
551 3227 667 3267 munere
681 3217 729 3266 tuo
743 3206 894 3283 praebenda
912 3207 1076 3266 Venerabili
1090 3209 1181 3268 Fratri
1195 3209 1225 3268 Η
1228 3211 1323 3271 enrico

239 3325 446 3400 Philadelphiae
460 3325 586 3382 Antistiti
600 3325 691 3400 magis
706 3325 736 3381 in
750 3323 810 3381 dies
825 3344 858 3382 ac
871 3325 963 3401 magis
977 3323 1011 3381 de
1025 3343 1055 3383 re
1069 3324 1226 3396 catholica,
1241 3349 1273 3387 ac
1288 3329 1323 3388 de

37 3429 59 3464 ’·
124 3466 127 3472 ·
234 3444 288 3501 ista
307 3441 488 3519 potissimum
511 3439 627 3497 dioecesi
650 3440 722 3498 bene
744 3441 890 3498 merearis.
937 3439 1070 3515 Denique
1097 3445 1212 3519 superni
1239 3445 1324 3523 hujus

236 3558 360 3636 praesidii
370 3557 526 3632 auspicem,
542 3564 700 3626 nostreque
715 3564 814 3613 restem
829 3556 980 3631 praecipuae
991 3557 1113 3614 caritatis
1127 3559 1323 3634 Apostolicam

237 3674 472 3733 Benedictionem
483 3672 551 3730 Tibi
564 3671 630 3747 ipsi,
642 3670 821 3729 Venerabilis
832 3671 940 3740 Frater,
949 3681 1126 3749 peramanter
1136 3674 1324 3750 impertimur.

239 3791 306 3850 Dat.
322 3792 423 3849 Romae
438 3787 515 3864 apud
528 3787 560 3845 S.
576 3788 699 3846 Mariam
712 3787 855 3865 Majorem
869 3786 915 3846 die
927 3792 966 3846 28
981 3789 1104 3865 Augusti
1118 3807 1163 3844 an.
1181 3793 1267 3847 1839.

273 3973 440 4042 Pontificum
453 3973 538 4026 Nostri
548 3972 624 4022 Anno
636 3971 714 4022 Nono.

507 4063 666 4113 Graecisms
684 4061 743 4112 P.P.
760 4061 830 4110 XVI.

1531 1738 1534 1808 l
