3172 5172
615 551 672 612 DE
693 549 940 612 PROPOSITO.
1269 559 1325 616 143

235 728 352 802 peccata
362 717 479 780 lethalia
491 718 588 787 vitare,
602 717 660 776 Dei
673 717 815 777 offensam
828 737 886 777 non
898 717 995 779 odisse
1008 719 1205 780 convincitur:
1219 719 1325 782 idcirco

236 837 294 881 non
307 826 413 876 tantum
424 833 528 890 eaquae
541 817 666 877 admissa
673 817 761 877 deflet
769 818 921 895 poenitens,
930 835 1050 892 queque
1062 819 1155 896 majus
1165 821 1324 897 periculum

236 919 279 980 illi
293 916 422 985 afferunt,
436 915 597 993 specialiter
610 916 722 978 vitanda
734 935 895 994 proponere
905 917 960 976 sibi
970 916 1064 986 debet,
1074 917 1125 976 sed
1135 937 1321 994 quaecumque

237 1019 308 1078 Deo.
315 1016 474 1094 displicent,
488 1034 553 1090 quae
566 1025 658 1076 tamen
673 1014 816 1094 sigillatim
830 1034 890 1076 non
902 1025 1014 1092 oportet
1027 1018 1116 1076 menti
1126 1018 1274 1086 exhibere,
1288 1037 1324 1078 ne

236 1117 381 1176 tentationi
394 1113 476 1174 detur
493 1115 584 1174 locus.
958 1124 961 1130 ’

273 1219 323 1274 29.
345 1213 467 1293 Efficax
484 1213 569 1274 debet
587 1231 651 1272 esse
673 1215 861 1291 propositum,
876 1212 998 1287 ideoque
1018 1213 1054 1273 ad
1073 1214 1144 1274 illud
1164 1217 1324 1278 executioni

236 1313 463 1376 demandandum
483 1313 624 1391 penitens
652 1321 765 1391 paratus
787 1313 824 1370 sit
848 1331 967 1372 necesse
993 1321 1036 1371 est
1057 1315 1154 1374 omnia
1186 1333 1324 1392 usurpare

236 1413 416 1480 adminicula,
425 1421 454 1470 et
462 1411 598 1483 subsidia,
607 1411 779 1486 quemediu
789 1411 930 1480 dicuntur,
940 1411 1043 1486 quibus
1054 1422 1202 1490 peccatum
1210 1415 1324 1474 vitetur:

235 1531 294 1574 non
307 1513 383 1572 enim
396 1510 470 1571 scrib
484 1511 580 1571 dolere
594 1511 713 1580 videtur,
728 1512 777 1584 qui
790 1529 848 1570 non
862 1512 922 1570 vult
934 1529 967 1569 ea
980 1512 1083 1582 secere,
1095 1513 1141 1572 vel
1153 1515 1251 1582 vitare,
1260 1515 1323 1574 sine

237 1611 401 1686 quibusvis
414 1619 511 1687 posset
524 1612 553 1670 in
566 1611 643 1670 bono
656 1611 804 1688 proposito
818 1621 951 1670 constans
964 1629 1028 1668 esse
1048 1621 1077 1670 et
1088 1611 1194 1671 fidelis.
1236 1613 1326 1692 Igitur

209 1758 218 1772 .
237 1712 381 1770 consortia
401 1708 540 1770 malorum
561 1709 676 1770 vitanda
695 1718 770 1778 sunt,
784 1708 849 1768 libri
861 1711 941 1786 pravi
961 1709 1135 1780 destruendi,
1149 1729 1249 1788 preces
1271 1712 1325 1772 ire·

238 1809 416 1884 querende,
437 1827 522 1868 sacra
551 1810 667 1872 lectioni
692 1817 722 1867 et
744 1809 922 1868 meditationi
943 1809 1111 1879 vacandum,
1137 1811 1247 1885 aliaque
1273 1830 1326 1888 pro

238 1911 463 1987 uniuscujusque
482 1908 643 1971 conditione
663 1916 692 1967 et
711 1908 859 1985 fragilitate
872 1907 1095 1978 facienda‘suut,
1111 1910 1156 1968 vel
1176 1910 1322 1988 fugienda.

237 2011 324 2069 Atax
337 2008 419 2086 lapsu
440 2007 576 2085 deinceps
598 2018 696 2069 secuto
717 2006 793 2066 certb
815 2007 948 2066 concludi
967 2010 1066 2081 nequit
1076 2010 1254 2086 propositum
1267 2028 1326 2070 non

236 2109 324 2168 fuisse
350 2108 470 2177 efficaxt
491 2116 567 2168 tauta
585 2111 663 2170 enim
684 2115 728 2166 est
746 2106 871 2166 hominis
891 2108 1037 2186 fragilitas,
1050 2119 1083 2167 ut
1102 2109 1185 2176 facile
1207 2129 1223 2167 a
1243 2111 1321 2169 bono

237 2216 384 2277 avertatur,
397 2216 426 2266 et
438 2217 500 2266 ruat
513 2209 543 2268 ln
558 2211 652 2288 pejus,
666 2206 1033 2288 cupiditate·impellente.’'
1068 2216 1088 2244 ‘⁸
1098 2208 1133 2267 In
1146 2208 1325 2282 quorundam

236 2305 352 2375 corda,”
374 2306 468 2378 inquit
487 2307 520 2366 S.
542 2307 699 2386 Gregorius
719 2308 764 2365 M.
786 2309 893 2366 “venit
911 2307 1003 2374 Deus,
1024 2315 1052 2366 et
1071 2310 1249 2368 mansionem
1266 2329 1325 2369 non

238 2405 325 2472 facit;
339 2403 374 2462 ad
387 2405 575 2481 perpetranda
587 2415 703 2483 peccata
715 2405 842 2474 redeunt,
857 2425 889 2464 ac
903 2407 929 2464 si
942 2393 1060 2466 minime
1074 2404 1302 2483 planxissent.''¹

277 2508 327 2561 30.
348 2503 513 2563 Periculum
530 2507 639 2582 peccati
660 2505 827 2584 fugiendum
848 2513 901 2573 est,
915 2505 1039 2578 ideoque
1059 2507 1238 2582 propositum
1254 2499 1334 2587 illud!

237 2603 379 2680 respicere
398 2602 570 2672 detersam
591 2605 669 2678 “qui
689 2606 936 2682 amatpericulum
949 2607 980 2665 in
999 2605 1049 2665 illo
1062 2596 1213 2682 peribit.''²
1233 2603 1325 2664 Oaete·

238 2721 300 2761 rum
313 2721 371 2762 non
392 2720 479 2761 omne
500 2703 666 2781 fugiendum
679 2715 724 2762 est
744 2705 920 2782 perieulum
942 2724 1026 2764 secus
1046 2713 1188 2782 oporteret
1208 2722 1247 2763 ex
1268 2705 1325 2776 hoc

229 2801 344 2861 mundo
364 2803 461 2860 exire:
484 2801 535 2870 sed
558 2802 627 2862 illud
652 2803 730 2876 quod
749 2804 929 2881 promimum
948 2804 1075 2872 habetur,
1094 2803 1182 2877 quod,
1204 2805 1324 2874 scilicet,

220 2933 222 2937 ,
241 2909 366 2978 spectata
377 2900 502 2959 humana
515 2901 663 2978 fragilitate
672 2904 864 2962 verosimilem
877 2904 975 2980 lapsus
986 2905 1165 2962 occasionem
1180 2904 1325 2982 praebebit.

239 2998 382 3058 Formnle
394 3019 411 3056 a
424 2998 456 3057 S.
470 2999 621 3077 Alphonso
633 3010 750 3060 vocatur
773 3008 793 3037 ‘⁶
802 3002 873 3061 illud
887 3002 963 3074 quod
977 3011 1020 3060 est
1039 3003 1170 3078 proxime
1190 3004 1325 3079 conjunc·

241 3108 299 3158 tum
313 3119 379 3158 cum
392 3108 519 3175 peccato,
534 3099 572 3157 ita
581 3108 612 3158 ut
623 3098 711 3159 homo
725 3102 755 3159 in
768 3119 803 3159 eo
817 3101 985 3159 constitutus
996 3093 1177 3176 probabiliter
1184 3102 1324 3177 peccabit,

239 3199 299 3256 sive
312 3199 342 3256 in
355 3207 503 3275 peccatum
517 3199 691 3257 consentiet:
707 3209 735 3258 et
746 3200 802 3259 hoe
815 3200 974 3277 periculum
984 3217 1099 3275 semper
1112 3197 1255 3258 vitandum
1270 3209 1324 3257 est.

239 3296 457 3374 Intelligendum
477 3307 572 3356 tamen
592 3297 659 3366 hoc,
675 3296 719 3379 (ut
734 3301 806 3358 bene
830 3299 950 3358 advertit
970 3297 1063 3358 Oroix
1075 3297 1095 3355 l.
1117 3316 1144 3354 v.
1168 3317 1196 3356 n.
1210 3295 1283 3378 204)
1299 3299 1325 3358 si

238 3395 615 3472 periculumsitconsensus,
624 3415 682 3456 non
692 3407 786 3458 autem
796 3399 937 3475 simplicis
949 3397 1120 3466 tentationis,
1130 3397 1324 3456 autmotuumi

237 3492 399 3554 Materiale
412 3508 479 3554 vero
493 3495 629 3566 estillud,
644 3497 722 3570 quod
744 3517 810 3557 curn
831 3504 947 3574 peccato
966 3515 1024 3555 non
1043 3505 1087 3553 est
1106 3495 1238 3572 proxime
1259 3515 1326 3555 con-

234 3595 375 3670 junctum,
390 3594 441 3653 sed
461 3603 567 3664 tanturn
582 3605 701 3665 remote,
714 3597 823 3656 ratione
837 3596 1023 3664 necessitatis,
1038 3603 1066 3653 et
1088 3595 1247 3656 mediorum
1262 3615 1325 3670 quae

238 3691 325 3754 homo
336 3694 452 3753 adhibet
461 3695 496 3752 ad
510 3703 658 3772 peccatum
668 3696 815 3755 vitandum
827 3714 834 3763 ;
849 3695 924 3754 unde
933 3705 998 3754 tunc
1009 3695 1117 3754 accidet
1126 3696 1202 3769 quod
1212 3699 1326 3756 occasio

238 3790 273 3848 de
287 3810 317 3850 re
331 3794 368 3851 rit
386 3794 573 3870 proximaet
594 3793 752 3870 periculum
773 3803 930 3856 remotum:
952 3805 1038 3872 prout
1056 3797 1171 3854 evenire
1190 3804 1284 3873 potest
1296 3799 1326 3856 in
1437 3845 1438 3848 ,

238 3889 381 3968 chirurgo,
396 3894 489 3966 quiin
502 3892 650 3952 medendis
664 3895 790 3970 partibus
804 3895 1003 3954 secretioribus
1016 3895 1118 3971 puellae
1132 3895 1229 3968 utique
1249 3905 1327 3954 esset

237 3989 268 4048 in
282 3991 431 4050 occasione
444 3993 576 4068 proxima
588 3991 735 4070 peccandi,
750 3993 802 4052 sed
822 3993 930 4053 ratione
944 3993 1133 4060 necessitatis,
1147 4001 1176 4050 et
1189 3991 1285 4059 officii,
1300 3992 1325 4048 si

237 4087 346 4148 debitas
366 4089 497 4150 adhibeat
515 4092 662 4150 cautiones
683 4091 794 4168 piarum
816 4093 1032 4168 cogitationum,
1046 4107 1172 4167 precum,
1191 4097 1327 4165 protesta-

235 4188 320 4248 tionis
334 4188 370 4248 de
383 4209 442 4250 non
455 4189 670 4259 consentiendo,
684 4191 757 4249 bene
771 4192 874 4267 poterit
886 4210 903 4247 a
915 4190 1000 4265 culpa
1012 4187 1160 4255 excusari;
1182 4187 1249 4259 quia
1261 4196 1327 4245 tunc

235 4287 331 4348 divina
344 4288 496 4367 adjuvante
509 4291 607 4369 gratia,
621 4289 782 4366 periculum
795 4289 828 4347 fit
836 4298 977 4347 remotum
992 4295 1020 4344 ct
1033 4281 1226 4344 materiale.”³

375 4447 420 4512 (t)
440 4445 516 4497 Hom.
527 4461 587 4496 xxx.
599 4445 627 4497 in
639 4445 741 4514 Eeang.
947 4443 989 4510 (2)
1008 4441 1076 4492 Eecl.
1087 4439 1120 4491 ιιι
1133 4445 1174 4492 27.

666 4531 708 4596 (3)
728 4528 758 4583 L.
769 4528 801 4579 vi.
813 4545 838 4580 n.
848 4531 907 4578 452.
