3172 5172
259 547 297 602 90
445 541 501 602 DE
523 540 821 602 SUSCEPTIONE
843 542 1162 604 EUGHARISTIAE.

261 707 408 766 Thomas:
433 716 519 766 “non
540 726 603 766 esse
623 707 830 766 consulendum
851 708 944 777 alicui,
966 709 1042 782 quod
1063 711 1157 768 statim
1172 720 1239 786 post
1252 727 1351 786 pecca·

261 815 319 864 tum
334 807 463 874 mortale,
478 808 562 866 etiam
576 807 713 866 contritus
734 816 764 864 et
782 807 941 875 confessus,
957 807 992 866 ad
1006 808 1216 868 Eucharistiam
1232 806 1348 866 accede·

260 914 313 971 ret,
327 903 378 962 sed
391 905 517 974 deberet,
531 907 587 964 nisi
602 923 704 981 magna
718 906 873 964 necessitas
886 915 1007 982 urgeret,
1029 925 1081 984 per
1101 907 1216 980 aliquod
1237 917 1348 982 tempus

221 1025 225 1032 ·
262 1012 378 1080 propter
391 1005 578 1064 reverentiam
593 997 781 1062 abstinere.”¹
822 1004 968 1078 Equidem
988 1005 1127 1064 sacerdoti
1140 1004 1348 1064 consuetudine

261 1094 336 1160 mala
350 1103 426 1162 haud
439 1105 545 1162 irretito
559 1103 685 1179 permitti
698 1103 798 1179 poterit
811 1112 841 1162 ut
854 1105 986 1171 celebret,
1001 1103 1156 1163 dummodo
1170 1121 1237 1162 vere
1250 1103 1347 1161 dolere

262 1201 399 1269 videatur,
426 1187 536 1275 quoties
564 1203 613 1259 vix
633 1201 707 1259 valet
726 1202 835 1273 absque
862 1213 928 1260 nota
954 1203 1104 1261 abstinere.
1146 1202 1218 1268 Qus
1244 1202 1350 1272 absque

262 1301 346 1376 culpa
368 1301 507 1377 contingit
529 1301 648 1376 pollutio
669 1301 698 1358 in
720 1302 841 1368 somnis,
863 1301 908 1358 vel
930 1302 1014 1358 etiam
1037 1302 1124 1378 vigili,
1148 1319 1205 1358 non
1227 1297 1348 1375 impedit

261 1401 504 1468 communionem,
526 1401 581 1458 nisi
605 1417 708 1476 magna
728 1397 794 1456 inde
814 1409 874 1456 orta
894 1399 932 1456 sit
954 1401 1058 1458 mentis
1078 1399 1265 1476 perturbatio:
1294 1414 1350 1468 quo

261 1515 327 1554 casu
352 1499 494 1574 oportebit
507 1499 676 1573 plerumque
696 1497 853 1555 abstinere:
877 1506 896 1533 “
909 1497 976 1555 Hoc
998 1507 1093 1557 tamen
1114 1497 1351 1574 impedimentum

262 1594 338 1666 quod
351 1614 388 1652 ex
402 1579 575 1673 congruitate
588 1597 726 1673 provenit,
741 1595 876 1672 postponi
890 1594 973 1653 debet
986 1606 1101 1673 propter
1115 1596 1238 1668 aliquam
1252 1611 1349 1651 neces·

261 1694 383 1761 sitatem,
398 1703 474 1771 puta,
488 1705 520 1752 ut
534 1695 692 1771 Gregorius
707 1693 784 1764 dicit,
800 1713 864 1752 cum
878 1694 999 1752 fortasse
1014 1694 1161 1752 autfestus
1176 1693 1238 1752 dies
1252 1691 1350 1767 exigit,

262 1801 310 1848 aut
332 1793 467 1850 exhibere
488 1794 679 1851 ministerium
700 1811 753 1867 pro
779 1792 909 1864 eoquod
930 1793 1063 1852 sacerdos
1088 1794 1160 1851 alius
1175 1792 1266 1859 deest,
1287 1791 1349 1865 ipsa

260 1892 415 1950 necessitas
430 1885 625 1967 compellit.”²
665 1890 707 1949 lta
721 1890 753 1948 S.
769 1890 910 1949 Thomas.

301 1994 350 2049 53.
373 1988 486 2066 Corpus
501 2009 516 2046 a
529 1989 659 2048 sordibus
674 1988 811 2047 mundum
828 2009 891 2048 esse
906 1990 998 2058 decet,
1018 1998 1049 2048 ut
1068 1991 1132 2060 quis
1147 1987 1180 2045 ad
1194 1985 1348 2045 Eucharis-

260 2089 328 2145 tiam
342 2100 503 2146 reverenter
517 2088 640 2156 accedat,
656 2089 785 2161 quamvis
799 2087 842 2145 ha
863 2107 919 2146 non
941 2090 1062 2156 obstent,
1086 2089 1112 2147 si
1132 2085 1230 2145 evitari
1243 2101 1349 2157 neque·

260 2194 317 2253 ant,
332 2185 378 2244 vel
391 2187 461 2255 tolli,
475 2188 512 2246 ob
526 2187 643 2245 nimiam
657 2196 863 2264 paupertatem,
885 2189 930 2245 vel
950 2206 1066 2264 gravem
1080 2185 1287 2264 egritudinem,
1302 2182 1348 2240 vel

260 2286 285 2341 si
311 2284 429 2344 occultae
456 2288 523 2345 sint.
565 2287 711 2364 Tempore
737 2288 874 2346 menstrui
900 2287 1024 2346 foeminae
1050 2286 1261 2345 communicare
1287 2300 1345 2340 non

259 2377 470 2460 prohibentur.³
510 2385 646 2444 Vestibus
669 2387 755 2444 etiam
778 2387 874 2445 nitidis
895 2386 974 2446 indui
987 2395 1115 2463 oportet3
1137 2385 1187 2460 qui
1200 2383 1349 2442 enimsor·

260 2481 335 2542 didis
348 2492 376 2542 et
388 2485 488 2543 laceris
502 2484 611 2543 accedit
624 2483 748 2553 indutus,
771 2485 874 2544 honori
887 2486 955 2544 tanti
976 2487 1147 2544 sacramenti
1160 2483 1244 2560 plane
1259 2480 1349 2538 deest.

259 2582 341 2641 ldem
367 2582 520 2641 dicendum
546 2583 581 2640 de
609 2583 770 2649 accedente,
797 2583 882 2640 barba
910 2584 1048 2658 neglecta,
1076 2584 1122 2640 vel
1148 2577 1221 2638 alias
1247 2597 1349 2654 parum

259 2688 392 2754 compto;
414 2698 467 2737 nec
488 2689 580 2738 tamen
601 2680 683 2737 decet
695 2681 814 2738 nimiam
833 2680 1000 2756 elegantiam
1016 2679 1157 2737 affectare.
1200 2676 1350 2735 Convenit

259 2777 404 2851 deponere
418 2796 496 2835 arma
516 2787 580 2834 ante
601 2778 844 2845 communionem,
865 2779 994 2852 quamvis
1010 2779 1072 2855 lege
1086 2797 1144 2836 non
1155 2776 1346 2853 precipiatur.

258 2874 399 2934 Sacerdos
413 2876 554 2943 infirmus,
568 2876 615 2934 vel
624 2872 692 2935 alias
707 2876 859 2953 impeditus
874 2898 890 2935 a
903 2877 1100 2946 celebratione,
1111 2876 1346 2948 communionem

259 2969 392 3051 suscipit*
405 2975 478 3034 stola
491 2975 623 3035 indutus:
647 2974 823 3050 quodetiam
844 2995 860 3034 a
880 2996 1023 3054 suspenso
1044 2972 1346 3046 videturservandums

259 3075 314 3131 nisi
328 3074 491 3134 scandalum
506 3075 571 3134 inde
585 3077 720 3136 oritumm
735 3075 929 3151 praevideatur.

646 3330 661 3404 §
682 3329 735 3387 IV.
758 3329 805 3388 Da
826 3349 957 3389 sarunro.

298 3514 346 3566 54.
368 3511 517 3587 Jejunium
539 3512 727 3580 naturale,·ab
754 3515 834 3570 omni
855 3531 969 3586 prorsus
993 3514 1069 3579 cibo,
1090 3512 1136 3568 vel
1159 3519 1238 3586 potu,
1263 3507 1348 3562 etiam

257 3609 346 3663 instar
359 3607 518 3674 medicinae,
540 3608 663 3666 amedia
676 3619 758 3664 nocte
772 3627 864 3680 usque
885 3609 920 3665 ad
943 3609 1154 3666 Eucharistiam
1175 3611 1348 3679 susceptam,

257 3705 415 3779 injungitur
428 3705 546 3778 omnino
560 3724 596 3762 ex
611 3705 816 3763 consuetudine
831 3706 1037 3778 antiquissima,
1054 3725 1116 3778 quae
1131 3704 1165 3762 ad
1180 3701 1348 3778 Apostolos,

259 3801 366 3877 Spiritu
390 3801 497 3859 Sancto
518 3813 640 3872 auctore,
662 3787 762 3861 meriti)
783 3803 910 3862 refertur.
954 3802 1166 3877 “Numquid'’
1185 3801 1279 3874 inquit
1292 3800 1351 3857 Au·
1386 3851 1389 3854 .

258 3903 398 3979 gostinus,
414 3909 592 3978 “propterea
606 3902 835 3960 calumniandum
857 3911 901 3960 est
919 3904 1061 3962 universe
1076 3903 1227 3970 Ecclesia,
1244 3898 1319 3973 quod
1335 3918 1350 3955 a

253 4002 361 4078 jejunis
375 4003 489 4078 semper
503 4001 660 4077 accipitur?
701 4002 750 4060 Ex
773 4001 829 4060 hoc
842 4003 917 4060 enim
933 4001 1040 4079 placuit
1053 4002 1172 4079 Spiritui
1187 4003 1304 4065 Sancto,
1319 4008 1349 4056 ut

256 4101 440 4160 in‘honorem
466 4101 535 4160 tanti
555 4097 732 4169 sacramenli,
760 4102 789 4160 in
816 4120 849 4159 os
873 4101 1032 4160 Christiani
1053 4102 1132 4179 prius
1160 4101 1348 4160 Dominioum

293 4305 335 4368 (1)
355 4304 385 4354 ln
395 4306 427 4354 iv.
436 4305 490 4355 dist
502 4306 533 4354 vi.
545 4321 585 4368 qu.
597 4305 613 4355 i.
625 4322 646 4354 a.
658 4306 691 4354 iv.
702 4323 742 4369 qu.
754 4306 779 4354 ii.
790 4306 821 4355 od
829 4306 852 4356 2.

293 4389 335 4453 (2)
355 4389 388 4437 iii.
399 4405 422 4452 p.
435 4406 475 4452 qu.
488 4392 556 4440 lxxx.
568 4397 610 4439 art.
623 4391 663 4440 vii.
847 4392 888 4458 (3)
909 4390 936 4439 S.
948 4390 1023 4454 Greg.
1033 4391 1084 4457 Ep,
1103 4391 1133 4442 ad
1142 4387 1314 4452 Augustiuam·

627 4476 668 4541 (4)
688 4475 713 4524 S.
728 4477 802 4541 Alph.
814 4478 829 4528 l.
843 4477 872 4526 vi.
885 4493 909 4526 n.
918 4479 976 4525 276.
