3124 5168
230 557 270 612 46
586 548 644 611 DE
668 549 961 611 BAPTIZANDIS.

229 719 355 778 strictum
368 717 489 777 habeant
502 717 538 776 ed
551 718 649 777 salutis
663 717 799 786 subsidia,
821 735 885 791 quae
899 716 1021 777 ministri
1035 715 1176 776 Ecclesiae
1190 725 1317 776 tenentur

229 835 266 876 ex
278 815 376 875 divino
389 816 521 876 mandato
540 810 692 894 praebere.ยน
731 819 887 877 Parentum
907 835 1068 875 consensus
1089 837 1106 875 a
1127 819 1224 893 pueris
1246 817 1316 893 ipsis

229 915 407 994 expetendus
427 926 480 985 est,
503 925 532 974 et
557 925 696 990 quatenns
719 917 782 975 fieri
802 917 903 994 possit,
924 917 1021 975 omnia
1041 935 1106 976 eum
1127 934 1227 975 eorum
1247 933 1317 992 paee

229 1015 339 1092 agenda
360 1026 445 1076 sunt:
468 1016 519 1075 sed
538 1017 621 1076 saluti
641 1035 699 1093 prae
719 1017 862 1084 omnibus,
875 1023 903 1073 et
915 1033 981 1075 cum
994 1017 1123 1074 omnium
1138 1014 1315 1080 detrimento,

230 1115 437 1176 consulendum
456 1124 508 1173 est.
550 1116 705 1174 Prudentia
729 1117 829 1189 utique
854 1133 928 1192 opus
955 1124 1009 1184 est,
1033 1114 1084 1172 sed
1109 1132 1167 1172 non
1194 1132 1227 1171 ee
1252 1130 1316 1186 quae
1368 1153 1375 1166 ,

231 1213 318 1293 huJus
332 1211 430 1274 mundi
443 1213 576 1272 utilitates
590 1215 673 1274 saluti
687 1215 845 1274 animarum
859 1215 1014 1290 anteponit.

265 1402 276 1466 (
282 1402 307 1465 l)
326 1398 413 1464 Nuper
423 1399 450 1450 in
462 1399 645 1464 Pennsyivenie
655 1400 758 1461 contigit
768 1400 875 1463 puellam
885 1398 1055 1464 septemdecim
1066 1412 1144 1448 annos
1160 1405 1251 1456 netem,
1262 1411 1315 1459 que

230 1483 257 1532 in
268 1483 340 1532 Secte
351 1484 589 1548 Presbyterianorum
601 1484 695 1549 bsptize
705 1490 762 1543 eret,
773 1484 872 1548 petiisse
890 1500 906 1533 e
922 1499 1032 1549 precone
1052 1482 1163 1547 Baptista
1180 1488 1209 1531 ut
1224 1481 1319 1530 immer-

230 1575 332 1630 geretur,
343 1569 383 1619 cui
395 1569 454 1634 ipse,
465 1577 520 1634 post
531 1571 597 1620 vetis
607 1569 740 1620 tentamina
755 1569 785 1618 ed
796 1569 870 1632 petris
880 1570 966 1633 puelle
978 1584 1124 1620 eonsensum
1134 1565 1319 1630 impetrandum,

231 1667 323 1703 morem
336 1655 433 1704 tandem
445 1655 525 1718 gessit.
546 1655 579 1704 Ut
587 1671 613 1703 se
625 1661 717 1719 epatre
728 1654 860 1703 vindictam
868 1654 976 1703 minente
985 1659 1097 1712 tueretur,
1107 1651 1178 1702 euriae
1185 1649 1320 1716 imploravit

231 1737 403 1789 anctoritatem.
436 1739 452 1788 J
454 1739 517 1788 udex
529 1738 624 1788 sensuit
639 1745 733 1803 petrem
748 1738 905 1799 obligandum
916 1754 969 1787 esse
981 1738 1012 1787 ed
1022 1753 1107 1802 penem
1118 1735 1265 1794 sermnem,
1277 1733 1319 1783 sed

231 1835 365 1886 preconem
376 1823 460 1873 debere
471 1824 592 1888 impensas
603 1822 651 1872 litis
662 1823 760 1882 solvere,
772 1837 849 1886 quum
861 1823 923 1886 petii
933 1821 1027 1872 fecisset
1038 1822 1160 1886 injuriam.
