3108 5162
258 533 318 592 2⁰8
523 526 581 588 DE
603 524 780 588 NATURA
800 523 1077 587 MATRIMONII.

259 705 411 756 renuente:
426 694 452 753 si
461 691 528 754 rard
541 692 578 753 de
591 713 621 753 re
635 692 767 771 prasenti
781 692 827 750 vel
840 692 990 769 preterita,
999 689 1035 751 de
1048 711 1104 766 qua
1116 691 1274 762 dubitatur,
1287 711 1366 752 con·

259 793 330 854 ditio
343 794 391 860 sit,
404 810 577 852 consensum
591 791 751 870 suspendit,
766 789 858 850 donec
871 789 906 850 do
926 792 969 851 rei
988 794 1104 852 veritate
1118 800 1246 852 constet:
1268 794 1315 851 sie
1329 792 1361 849 si

260 893 354 971 puella
379 892 478 970 ignoto
497 892 609 952 homini
628 891 722 960 dicat;
745 889 901 950 ‘contraho
923 901 1027 961 tecum,
1048 893 1074 950 si
1094 892 1145 961 sis,
1158 893 1199 950 uti
1213 891 1358 959 affirmas,

259 991 336 1052 filius
348 993 402 1052 viri
409 993 485 1053 illius
495 991 514 1052 ι’
530 992 739 1052 matrimonium
750 990 834 1060 valet,
845 991 871 1048 si
880 991 975 1068 reipsa
987 991 1024 1048 sit
1036 991 1149 1065 qualem
1159 1009 1191 1049 se
1200 991 1355 1050 exhibuit:

261 1111 346 1152 secus
360 1111 419 1152 uon
432 1092 547 1152 valebit.

299 1197 350 1252 to.
373 1192 435 1250 “Si
448 1189 626 1249 conditiones
645 1197 744 1248 contra
757 1189 941 1248 substantiam
956 1188 1084 1266 conjugii
1097 1188 1266 1257 inserantur,
1280 1197 1352 1265 puta

261 1291 286 1348 si
299 1291 368 1348 alter
376 1289 452 1347 dicat
461 1288 559 1346 alteri:
575 1287 741 1347 ‘Contraho
753 1296 858 1355 tecum,
867 1289 892 1346 si
903 1288 1095 1365 generationis
1105 1289 1213 1364 prolem
1227 1289 1319 1346 evites
1329 1287 1348 1354 ;'

260 1388 307 1446 vel
321 1386 428 1446 ·douec
442 1386 586 1446 inveniam
606 1387 690 1448 aliam
700 1385 824 1453 honore,
845 1387 896 1444 vel·
902 1387 1081 1444 facultatibus
1095 1387 1255 1464 digniorem
1266 1385 1285 1453 ς’
1301 1396 1349 1444 aut

260 1486 303 1544 ‘si
317 1504 369 1562 pro
391 1495 502 1560 quaestu
529 1485 739 1546 adulterandam
760 1495 785 1542 te
806 1484 920 1554 tradas‚’
938 1486 1158 1544 matrimonialis
1176 1493 1348 1552 contractus,

259 1593 520 1659 quantumcumque
532 1587 571 1644 sit
582 1584 756 1653 favorabilis,
779 1593 858 1642 caret
877 1583 995 1642 effectu:
1013 1584 1082 1642 licet
1101 1585 1161 1643 aliae
1175 1583 1351 1642 conditiones

261 1684 397 1761 appositae
410 1685 440 1743 in
455 1684 646 1752 matrimonio,
668 1683 692 1741 si
706 1692 802 1760 turpes
817 1692 864 1741 aut
876 1683 1073 1760 impossibiles
1088 1684 1203 1752 fuerint,
1218 1682 1351 1760 debeant,

261 1793 377 1860 propter
389 1783 516 1842 favorem
531 1785 604 1862 ejus,
626 1802 679 1860 pro
692 1802 751 1842 uon
766 1782 884 1860 adjectis
898 1778 1046 1841 haberi.'’¹
1086 1782 1128 1842 Its
1141 1781 1265 1840 decrerit
1278 1781 1353 1840 Gre-

260 1883 359 1960 gorius
372 1883 427 1942 tx.
469 1882 614 1941 Caeterum
630 1900 729 1941 eorum
744 1883 904 1954 quinorum
918 1881 1063 1940 sacerdote
1080 1882 1258 1949 contrahunt,
1273 1881 1354 1940 nulla

261 1982 372 2060 adjecta
385 1982 559 2051 conditione,
580 1981 710 2042 voluntas
730 1999 788 2039 non
811 1975 922 2039 ridetur
944 1980 1104 2057 colligenda
1125 2000 1162 2039 ex
1185 1981 1273 2058 pactis
1286 1999 1351 2054 quae

260 2081 356 2140 forsan
378 2084 451 2140 inter
472 2099 504 2138 se
526 2081 657 2148 inierant,
677 2080 733 2138 nisi
756 2080 814 2156 ipsi
836 2078 955 2138 omnino
974 2080 1116 2138 voluerint
1131 2098 1301 2139 consensum
1313 2080 1356 2137 ita

260 2177 387 2236 definire.
430 2179 510 2236 Hinc
523 2179 572 2252 qui
585 2179 732 2254 sponsalia
745 2178 822 2246 iecit,
838 2179 886 2236 iila
897 2180 1028 2257 apposita
1038 2178 1201 2238 conditione
1215 2178 1249 2236 de
1259 2181 1350 2237 vitan-

261 2275 297 2334 da
310 2277 501 2354 generatione,
523 2279 549 2337 si
571 2295 650 2337 more
673 2287 812 2338 consueto
832 2296 1006 2338 consensum
1029 2278 1064 2338 de
1079 2279 1212 2356 prasenti
1225 2287 1349 2355 praestet,

261 2377 472 2437 matrimonium
495 2395 561 2438 vere
582 2377 750 2437 contrahere
772 2377 935 2438 censendus
949 2387 1009 2436 est:
1033 2378 1124 2438 multo
1137 2379 1230 2456 magis
1243 2385 1354 2436 constat

261 2474 297 2534 do
310 2477 406 2536 valore
420 2495 578 2538 consensus
591 2479 759 2555 simpliciter
770 2478 900 2554 prestiti,
920 2478 988 2536 iicet
1006 2477 1205 2537 contrahentes
1218 2477 1272 2535 sibi
1286 2493 1351 2553 pro·

261 2577 409 2650 posuerint
434 2577 469 2634 ad
496 2585 609 2655 tempus
634 2578 722 2634 vitare
748 2577 974 2653 generationem.
1029 2575 1088 2635 Sed
1112 2577 1210 2649 iniqua
1235 2584 1352 2634 suntet

262 2675 384 2733 scelesta
403 2693 590 2749 quacumque
604 2673 771 2752 hujusmodi
784 2683 876 2751 pacta.

529 2903 554 2978 §.
569 2901 625 2962 111.
667 2902 716 2961 Du
737 2922 901 2964 amaneum
921 2923 1081 2964 consensu.

299 3076 350 3131 41.
372 3071 527 3133 Parentum
550 3091 708 3133 consensus
730 3075 909 3134 necessarius
930 3092 989 3133 non
1009 3082 1053 3131 est
1072 3072 1108 3132 ad
1121 3072 1245 3134 valorem
1259 3076 1353 3134 matri·

261 3174 352 3233 monii
364 3173 621 3242 filiommsamilias,
636 3175 768 3246 quamvis
782 3173 959 3252 expetendus
978 3174 1096 3232 omniuo
1118 3175 1166 3232 sit.
1208 3174 1351 3248 Equidem

261 3273 387 3350 theologi
400 3274 496 3348 plures
511 3281 680 3332 “excusant
692 3294 709 3331 a
722 3275 806 3351 culpa
819 3275 898 3350 gravi
912 3273 987 3332 filios
998 3273 1210 3335 matrimonium
1220 3275 1349 3334 ineuntes

261 3372 358 3429 invitis
384 3373 558 3448 parentibus,
585 3373 651 3446 quia
665 3414 672 3430 .
686 3414 693 3430 .
706 3415 734 3431 ..
750 3393 802 3450 per
827 3372 1039 3432 matrimonium
1062 3375 1184 3448 quisque
1207 3382 1350 3451 perpetuae

260 3471 401 3548 obligatur
426 3472 554 3530 servituti
577 3472 703 3531 maxima
728 3491 826 3532 secum
850 3473 980 3531 afferenti
1007 3491 1103 3542 onera,
1139 3491 1203 3546 quae
1232 3474 1289 3533 nisi
1313 3490 1350 3530 ex

260 3570 378 3626 omnino
392 3580 549 3646 spontanea
568 3571 709 3628 voluntate
729 3573 931 3654 suscipiantur,
945 3570 1115 3630 difficillime
1135 3571 1254 3647 perferri
1273 3579 1351 3648 pote·

261 3659 375 3722 runt.”²
406 3667 527 3730 Quoties
549 3686 723 3726 consensum
749 3670 890 3746 denegant
910 3671 1026 3748 injuste,
1040 3672 1085 3730 vel
1105 3670 1252 3748 religionis
1274 3669 1351 3738 odio,

260 3763 306 3820 vel
328 3761 442 3821 arbitrio
473 3781 526 3821 suo
553 3765 713 3832 abutentes,
734 3767 911 3826 filiifamilias
937 3779 1117 3828 excusantur
1144 3789 1161 3826 a
1185 3769 1279 3847 culpa,
1301 3768 1352 3827 sed

260 3861 400 3924 obnoxios
414 3881 445 3920 se
459 3862 585 3938 praebent
597 3864 719 3942 legibus,
734 3884 797 3938 quae
817 3867 915 3944 patriae
935 3871 1068 3944 potestati
1081 3869 1134 3926 hac
1148 3868 1178 3926 in
1191 3885 1221 3926 re
1234 3869 1346 3927 favent:

261 3962 338 4038 quod
351 3963 377 4021 si
390 3972 470 4022 extra
483 3969 593 4033 statua,
608 3983 659 4022 seu
673 3966 839 4041 provincia,
852 3966 957 4026 limites
971 3985 1002 4025 se
1025 3968 1173 4027 conferant
1186 3966 1220 4025 ad
1238 3969 1352 4044 nuptias

262 4063 478 4132 contrahendas,
492 4064 537 4123 vel
551 4065 606 4124 alio
619 4075 702 4142 pacto
724 4067 821 4145 legum
835 4085 935 4146 poenas
948 4066 1067 4126 evadere
1081 4066 1222 4137 studeant,
1237 4067 1352 4125 veritate

262 4163 362 4232 illesa,
376 4183 436 4223 non
455 4163 587 4226 videntur
605 4165 758 4243 culpandi:
780 4187 864 4227 secus
884 4167 910 4224 si
929 4166 1002 4225 falso
1018 4169 1190 4244 juramento,
1204 4166 1251 4226 vel
1270 4166 1351 4224 falsis

263 4262 382 4321 testibus
395 4280 456 4323 rem
470 4265 678 4326 conficiendam
692 4278 801 4327 curent.
828 4266 970 4344 Magistri,
981 4267 1082 4324 artium
1096 4263 1220 4326 similem
1233 4265 1348 4332 habent,

365 4464 408 4528 (l)
428 4463 683 4528 cunvudnondu.
898 4467 941 4535 (2)
961 4465 1249 4532 annuntiassem.
