3144 5192
573 531 631 590 DE
652 528 964 591 ABSOLUTIONE.

663 1047 805 1106 CAPUT
826 1044 881 1103 IX.

634 1266 674 1306 DE
694 1263 911 1306 Ansouu'rtonu.

521 1428 546 1503 §.
562 1427 586 1486 I.
628 1426 677 1485 Du
698 1443 876 1484 snccnnorrs
895 1439 1023 1482 suntcro.

272 1600 339 1654 181.
361 1594 501 1656 Sacerdos
517 1597 718 1674 jurisdictione
733 1595 866 1672 praeditus
887 1603 953 1670 post
972 1602 1122 1669 exceptam
1140 1601 1320 1668 peecatorum

229 1696 451 1763 confessionem,
473 1706 641 1772 potestatem
663 1695 793 1754 solvendi
816 1704 844 1751 et
868 1692 1030 1751 remittendi
1052 1701 1169 1770 peccata
1194 1702 1319 1759 exercet,

230 1796 413 1870 poenitentem
424 1795 614 1854 absolvendo:
629 1796 698 1872 ligat
708 1813 822 1868 quoque
834 1793 1007 1870 imponendo
1018 1811 1105 1868 opera
1113 1791 1322 1857 satisfactionis,

231 1903 259 1950 et
272 1897 374 1980 retinet
386 1904 503 1971 peccata
515 1913 613 1953 eorum
628 1896 677 1967 qui
687 1893 762 1952 haud
776 1893 873 1952 idonei
888 1894 978 1951 veniae
993 1892 1132 1951 videntur.
1175 1890 1319 1964 Equidem

230 2003 355 2068 potestas
369 2015 385 2052 a
398 1993 517 2053 Christo
530 1995 657 2052 Domino
678 2011 825 2060 concessa,
841 1993 956 2050 nonnisi
966 1994 1050 2070 juxta
1066 1991 1248 2049 sanctissima
1261 1991 1322 2067 ejus

231 2091 358 2150 instituta
377 2094 504 2151 exerceri
523 2094 605 2162 valet,
621 2103 652 2151 ut
671 2093 871 2170 penitentibus
886 2094 924 2150 sit
944 2093 1044 2158 veuia;
1066 2109 1142 2158 nam,
1156 2091 1197 2147 uti
1215 2091 1322 2167 optime

232 2190 431 2250 animadvertit
444 2192 476 2249 S.
498 2192 639 2262 Thomas,
655 2191 816 2250 “sacerdos
830 2203 961 2268 operatur
980 2193 1010 2250 in
1029 2209 1082 2248 usu
1103 2191 1226 2248 clavium
1249 2191 1324 2247 sicut

232 2287 449 2350 instrumentum
464 2301 493 2348 ct
512 2293 642 2351 minister
667 2292 740 2350 Dei:
756 2291 865 2351 nullum
886 2301 978 2350 autem
999 2293 1217 2350 instrumentum
1240 2288 1324 2346 habet

233 2387 377 2449 efficacem
392 2400 484 2450 aetum
498 2391 553 2450 nisi
573 2391 731 2453 seeundum
752 2391 829 2465 quod
849 2401 1014 2450 moratura
1034 2391 1184 2467 principali
1204 2397 1321 2466 agente:

233 2498 261 2546 et
280 2489 345 2549 ideo
368 2490 436 2549 dicit
461 2491 633 2568 Dionysius,
660 2492 694 2551 in
705 2492 774 2570 fine
796 2489 1019 2550 Ecclesiasticac
1041 2489 1226 2556 hierarchiae,
1248 2487 1326 2561 quod

233 2589 425 2648 sacerdotibus
439 2592 575 2650 utendum
590 2603 634 2649 est
653 2591 800 2649 virtutibus
814 2591 1009 2659 hierarchicis,
1024 2589 1168 2663 quomodo
1189 2589 1322 2646 divinitas

233 2705 284 2745 eos
299 2690 421 2746 moverit
430 2729 517 2747 .....
534 2689 620 2747 Unde
634 2691 659 2746 si
673 2690 737 2762 quis
748 2699 850 2765 prater
862 2689 941 2748 illum
956 2701 1064 2749 motum
1078 2689 1205 2748 divinum
1219 2689 1260 2746 uti
1274 2706 1325 2745 sua

233 2795 370 2864 potestate
390 2790 611 2864 presumpserit,
633 2807 692 2846 non
712 2798 936 2862 consequeretur
956 2790 1100 2857 effectum,
1114 2797 1145 2847 ut
1165 2788 1325 2864 Dionysius

234 2883 319 2942 dicit:
332 2894 360 2943 et
371 2893 472 2961 praeter
485 2886 567 2946 hoca
580 2887 677 2947 divino
691 2889 791 2947 ordine
806 2898 997 2957 averteretur;
1010 2890 1091 2953 etsie
1104 2889 1219 2964 culpam
1232 2889 1324 2946 incur·

233 2980 357 3043 reret.''¹
392 2985 543 3058 ‘Equidem
564 2989 746 3047 manifestum
761 2988 834 3048 foret
847 2999 995 3066 peecatum
1015 2999 1121 3047 temere
1134 2989 1175 3046 uti
1190 2997 1325 3064 potestate

233 3083 368 3144 divinitus
387 3104 533 3144 concessa.

277 3188 344 3244 182.
367 3187 425 3254 Qui
448 3187 595 3264 poenitenti
610 3189 772 3246 animosus
791 3187 941 3246 confessus
955 3195 999 3244 est
1018 3193 1144 3263 peccata,
1159 3194 1187 3243 et
1199 3193 1325 3262 paratum
1398 3249 1407 3262 ‚

234 3301 266 3342 se
280 3284 396 3343 exhibet
409 3285 443 3342 ad
460 3273 543 3363 jussa
556 3287 711 3346 sacerdotis
726 3267 879 3364 implenda,
890 3288 939 3364 jus
959 3286 1045 3344 habet
1058 3286 1092 3344 ad
1106 3286 1323 3352 absolutionem,

235 3402 324 3457 quum
338 3386 538 3461 gravissimum
552 3386 707 3447 confitendi
720 3406 792 3445 onus
806 3405 839 3444 ea
853 3385 1015 3445 conditione
1029 3387 1156 3454 subierit,
1170 3395 1201 3444 ut
1213 3387 1325 3442 veniam

233 3501 272 3541 ex
283 3482 393 3542 Christi
404 3485 530 3545 instituto
541 3496 764 3560 consequeretur
775 3508 782 3544 ε
799 3495 972 3562 quapropter
984 3488 1077 3564 gravis
1086 3486 1113 3544 ei
1123 3486 1204 3543 fieret
1212 3485 1323 3562 injuria,

235 3583 270 3649 si,
286 3583 393 3640 nullos
413 3602 445 3641 se
459 3584 571 3660 objecto
593 3587 684 3654 obice,
700 3588 783 3644 venia
803 3585 998 3663 denegaretur.
1040 3586 1142 3645 Statim
1155 3585 1323 3661 plerumque

235 3673 425 3738 absolvendus
452 3680 559 3741 ideirco
580 3698 639 3742 est:
663 3686 793 3756 quamvis
816 3686 979 3762 contingere
999 3687 1092 3762 possit
1112 3684 1274 3758 aliquando,
1296 3693 1327 3740 ut

235 3777 333 3836 dilatio
344 3779 531 3838 absolutionis
545 3782 580 3839 ad
592 3785 677 3841 breve
692 3784 835 3857 quoddam
850 3794 963 3861 tempus
978 3786 1004 3844 ei
1018 3786 1153 3863 protitura
1166 3786 1204 3842 sit
1218 3785 1248 3842 in
1261 3801 1325 3840 cau·

234 3865 356 3937 telam'et
366 3879 523 3939 remedium
536 3901 544 3938 :
557 3891 728 3959 quapropter
737 3885 839 3942 animae
854 3885 976 3953 medico,
990 3886 1037 3957 qui
1049 3894 1077 3943 et
1085 3883 1177 3963 judex
1191 3893 1244 3950 est,
1260 3883 1326 3941 lieet

235 3998 319 4053 aequa
328 3998 364 4038 ex
377 3999 462 4038 causa
471 3999 535 4039 earu
549 3982 672 4051 differre,
687 3987 844 4059 praesertim
857 4003 892 4043 eo
907 3985 1112 4043 consentiente.

277 4084 345 4138 183.
368 4081 530 4140 Sacerdotis
544 4082 683 4160 judicium
706 4103 743 4142 ex
764 4103 856 4144 causae
877 4085 1040 4161 cognitione
1053 4080 1256 4160 proferendum
1270 4088 1322 4146 est,

235 4177 357 4252 ideoque
371 4181 454 4241 debet
466 4201 501 4241 eo
515 4201 573 4255 quo
586 4182 706 4240 absolvit
718 4184 854 4261 temporis
868 4192 1013 4242 momento
1032 4183 1216 4242 conscientie
1237 4179 1326 4257 poeni-

236 4280 320 4336 tentis
331 4289 434 4340 statum
448 4281 551 4340 habere
566 4292 759 4361 perspectum.
784 4283 929 4358 Equidem
942 4284 971 4341 in
981 4283 1165 4342 tribunalibus
1179 4281 1325 4359 plerisque

508 4487 550 4551 (l)
570 4486 630 4550 Sup.
642 4486 675 4536 iii.
686 4502 710 4551 p.
722 4501 763 4550 qu.
774 4486 841 4538 xviii.
852 4494 896 4536 ert.
907 4486 940 4538 iv.
973 4485 1047 4553 nup.
