3144 5192
464 521 522 583 DE
543 523 718 584 OASUUM
737 521 1080 584 RESERVATIONE.
1254 530 1314 584 203

177 703 181 710 '
227 692 312 751 fuerit
325 693 544 752 reservationem
557 691 673 751 nonnisi
685 699 860 749 sacramento
870 689 1042 750 conferendo
1051 690 1160 749 tollere.
1183 691 1316 753 Attamen

231 793 369 851 contraria
382 793 501 852 aliorum
515 791 654 850 sententia
674 791 765 868 magis
787 790 923 867 probatur
942 790 1152 868 sulphureo,
1173 810 1239 850 narn
1253 793 1318 852 finis

229 892 426 950 reservationis
436 893 497 970 jam
511 891 642 950 obtentus
655 898 708 957 est,
722 899 752 948 ut
765 898 881 966 peccata
899 888 1011 967 judicio
1025 891 1181 968 superioris
1195 893 1318 970 subjice-

236 998 340 1058 rentur,
355 990 432 1064 quod
445 991 584 1068 contingit
592 991 677 1048 etiam
697 987 765 1048 dnm
784 989 817 1046 dt
828 988 973 1048 confessio
986 988 1072 1058 nulla,
1086 991 1132 1048 vel
1145 989 1318 1070 sacrilegia.¹

232 1089 291 1147 Sed
304 1090 328 1146 si
342 1092 473 1168 superior
484 1091 557 1168 ipse,
578 1089 675 1149 audito
689 1096 805 1165 peccato
817 1097 971 1157 reservato,
985 1089 1124 1146 remiserit
1135 1092 1319 1166 penitentem

231 1188 265 1247 ad
278 1189 455 1249 sacerdotem
466 1190 563 1257 alium,
577 1198 709 1247 censetur
719 1190 940 1246 reservationem
954 1187 1114 1257 sustulisse,
1126 1197 1158 1246 ut
1170 1190 1239 1247 alter
1252 1209 1318 1250 eum

233 1288 379 1347 absolvere
392 1289 493 1347 valeat.
523 1288 640 1364 Negant
652 1286 780 1363 plerique
793 1286 823 1344 id
835 1286 933 1355 licere,
948 1305 1035 1359 quum
1049 1296 1165 1364 peecata
1178 1300 1320 1349 reservata

231 1405 289 1446 non
310 1389 368 1446 sint
391 1397 471 1446 extra
490 1396 698 1445 sacramentum
721 1384 860 1443 tollenda:
883 1385 961 1459 quod
980 1387 1030 1444 ubi
1049 1387 1140 1463 agitur
1160 1387 1194 1444 de
1207 1389 1321 1446 casibus

232 1486 350 1545 occultis
364 1487 453 1563 Papa
465 1487 627 1554 reservatis,
649 1485 679 1543 in
693 1502 765 1556 quos
778 1485 850 1542 nihil
865 1493 959 1563 potest
977 1485 1131 1562 episcopus
1146 1487 1201 1544 nisi
1214 1487 1244 1545 in
1258 1489 1321 1547 soro

232 1587 439 1654 sacramentali,
460 1585 571 1644 videtur
592 1584 792 1643 verissimum:
814 1582 864 1642 sed
885 1586 934 1643 ubi
953 1585 1106 1642 reservatio
1120 1585 1231 1663 abipso
1245 1589 1322 1664 epis·

233 1702 308 1761 copo
332 1685 489 1762 proveniat,
512 1685 612 1743 nescio
633 1682 702 1757 quid
722 1683 824 1750 obstet,
845 1693 877 1741 ut
899 1683 978 1742 tollat
997 1686 1220 1744 reservationem
1243 1696 1322 1744 extra

234 1793 454 1852 sacramentum,
474 1783 604 1843 laenitate
618 1782 785 1842 confessarii
806 1782 895 1850 libera
907 1782 1101 1856 relinquenda.
1144 1784 1177 1842 S.
1192 1785 1323 1862 Alphen-

235 1901 284 1942 sus
297 1885 340 1941 sic
352 1883 478 1956 loquitur
489 1902 496 1940 ι
520 1893 540 1920 ‘⁶
549 1883 607 1941 Alii
620 1881 718 1941 dicunt
728 1881 757 1940 id
766 1891 873 1940 tanturn
883 1882 969 1941 licere
978 1884 1007 1941 in
1018 1902 1085 1941 casu
1094 1885 1187 1959 gravis
1198 1886 1324 1943 necessi·

234 1985 307 2050 tatis,
321 1992 388 2059 puta
401 1984 426 2042 si
440 1985 572 2058 superior
584 2001 642 2040 non
655 1990 754 2058 posset
776 1999 807 2039 se
828 1982 965 2058 expedire
986 1983 1021 2041 ab
1041 1982 1137 2055 aliquo
1150 1981 1322 2060 gravissimo

234 2083 359 2160 negotio,
374 2090 404 2140 et
416 2090 523 2152 contra,
537 2080 729 2141 necessarium
747 2080 890 2158 judicaret
910 2082 1099 2158 personaliter
1112 2082 1208 2141 audire
1226 2102 1325 2161 peeca-

235 2191 294 2239 tum
317 2165 503 2240 reservatum.
545 2181 637 2254 quue
663 2179 815 2239 admittunt
834 2181 928 2258 Lugo,
950 2180 1052 2250 Oroix,
1079 2190 1108 2239 et
1125 2181 1231 2242 Palaus
1257 2201 1323 2242 cum

236 2279 371 2352 Vasquez
385 2289 415 2337 et
427 2279 580 2339 Coninch:
601 2278 653 2338 sed
672 2281 700 2338 in
714 2298 782 2337 casu
803 2281 960 2348 rarissimo,
982 2281 1077 2340 addito
1090 2280 1169 2354 quod
1181 2284 1323 2359 poenitens

237 2386 314 2438 esset
327 2380 356 2438 in
370 2380 538 2438 necessitate
552 2379 793 2446 communicandi,
813 2391 843 2437 et
857 2381 946 2438 nollet
959 2380 1059 2439 eadem
1072 2389 1188 2456 peccata
1200 2382 1243 2439 bis
1256 2400 1324 2440 con-

237 2477 320 2536 fiteri.
363 2477 430 2536 Hoc
443 2478 575 2538 ultimum
588 2497 646 2537 non
660 2478 770 2537 videtur
783 2479 977 2555 improbabile,
992 2481 1086 2557 posito
1105 2497 1171 2544 eum
1191 2481 1324 2538 omnibus

237 2579 282 2636 his
295 2572 554 2638 conditionibus.”²
593 2577 666 2636 Haee
689 2578 875 2654 intelligenda
894 2577 1025 2638 videntur
1045 2579 1130 2637 etiarn
1151 2578 1186 2637 de
1205 2589 1324 2657 peccato

237 2679 270 2736 ab
283 2677 420 2755 episeopo
433 2686 587 2745 reservato,
602 2677 716 2751 quando
729 2679 870 2755 poenitens
883 2697 1002 2738 necesse
1015 2679 1101 2737 habet
1112 2689 1322 2738 sacramentum

237 2778 372 2854 recipere,
394 2785 424 2842 et
447 2778 546 2852 nequit
564 2778 671 2850 absque
693 2778 864 2855 gravissimo
884 2778 1067 2839 incommodo
1088 2789 1205 2856 peccata
1224 2782 1322 2840 omnia

238 2877 378 2952 superiori
392 2876 506 2936 referre.

280 2977 347 3034 165.
369 2974 427 3042 Qui
441 2975 586 3034 absolutus
607 2985 650 3034 est
671 2975 816 3036 indirecte
837 2997 854 3036 a
876 2977 1050 3036 confessario
1070 2978 1106 3036 ob
1127 2996 1241 3055 gravem
1262 2997 1326 3038 can·

239 3091 311 3142 sam,
326 3081 434 3133 tenetur
447 3075 582 3152 deinceps
606 3093 637 3134 se
651 3085 823 3154 praesentare
846 3078 993 3153 episcopo,
1014 3094 1102 3149 quum
1123 3085 1203 3134 extra
1226 3080 1324 3136 mortis

240 3173 386 3233 articulum
399 3174 560 3234 sacerdotes
579 3175 653 3234 nihil
667 3177 780 3252 possint
799 3178 828 3235 in
853 3194 938 3234 casus
960 3194 1033 3249 quos
1047 3175 1201 3252 episcopus
1216 3176 1269 3234 sibi
1282 3195 1326 3234 re-

239 3274 411 3343 servaverit;
433 3273 554 3349 ideoque
580 3275 714 3352 obligatio
740 3295 772 3334 se
798 3274 987 3352 praesentandi
1013 3293 1153 3351 suspensa
1177 3276 1224 3345 sit,
1251 3275 1328 3335 haud

239 3373 358 3432 sublata.
400 3372 522 3433 Diserte
542 3386 635 3433 tamen
659 3374 781 3433 absolvit
800 3375 952 3452 episcopus
974 3374 1127 3451 impeditos
1141 3373 1217 3432 adire
1231 3375 1330 3434 Ponti·

238 3472 333 3540 ficem,
348 3483 376 3532 et
389 3473 532 3542 sacerdos,
555 3475 582 3532 si
601 3475 755 3550 episcopus
777 3473 847 3533 adiri
868 3474 975 3547 nequit,
997 3475 1050 3532 sub
1062 3491 1149 3532 onere
1161 3493 1194 3532 se
1206 3493 1329 3551 praesen·

237 3571 314 3631 tandi
327 3584 457 3634 cessante
471 3571 693 3650 impedimento:
709 3573 786 3646 quod
800 3574 826 3631 si
838 3583 1008 3652 perpetuum
1022 3573 1115 3642 fuerit,
1128 3574 1247 3634 omnino
1260 3575 1328 3634 libe·

238 3682 341 3731 rantur.

282 3774 347 3829 166.
370 3773 435 3832 Etsi
448 3773 580 3850 superior
592 3771 698 3850 injuste
711 3771 832 3849 deneget
844 3772 1006 3832 facultatem
1027 3773 1192 3832 absolvendi
1206 3794 1222 3832 a
1234 3792 1326 3832 reser-

241 3871 323 3935 vatis,
337 3869 408 3929 nihil
421 3881 516 3948 potest
529 3872 558 3930 in
572 3889 605 3930 sa
625 3871 770 3940 sacerdos,
784 3873 851 3945 quia
864 3883 923 3932 turn
933 3874 964 3931 in
983 3874 1175 3931 reservatione
1188 3870 1329 3938 facienda,

241 3979 301 4025 turn
314 3968 344 4025 in
364 3986 397 4025 ea
416 3969 493 4029 haud
513 3968 648 4041 tollenda,
662 3972 748 4031 utitur
763 3972 829 4049 jure
849 3991 918 4030 suo:
940 3981 1041 4048 peccat
1060 3980 1154 4029 tamen
1175 3971 1330 4046 episcopus
1431 3955 1436 3964 ’

240 4066 384 4126 duriorem
405 4085 436 4126 se
457 4068 596 4128 exhibens
609 4087 675 4130 cum
696 4071 853 4130 animarum
874 4069 989 4138 damno,
1003 4068 1160 4146 prasertim
1173 4068 1199 4125 si
1218 4069 1331 4127 noverit

240 4167 424 4242 penitentem
438 4168 598 4228 nullatenus
611 4169 708 4230 induci
722 4189 807 4247 posse
819 4169 855 4227 ad
867 4188 932 4228 eum
947 4166 1119 4227 adeundum.

198 4316 201 4342 ‚
230 4295 234 4302 ·
282 4270 346 4328 167.
372 4267 547 4344 Plerumque
567 4287 626 4328 non
643 4269 761 4346 expedit
773 4277 805 4327 ut
824 4268 1015 4327 confessarius
1036 4265 1090 4323 sibi
1112 4273 1238 4324 assumat
1256 4285 1330 4326 onus

346 4485 389 4552 (1)
408 4484 436 4536 S.
448 4487 523 4553 Alpb.
534 4488 550 4538 l.
561 4488 592 4538 vi.
603 4503 629 4538 n.
641 4488 699 4536 698.
966 4484 1008 4551 (2)
1026 4482 1126 4544 Ibidem,
1137 4499 1162 4534 n.
1174 4486 1233 4534 595.
