3144 5192
573 534 629 594 DE
651 533 962 593 ABSOLUTIONE.
1253 541 1312 596 21³

225 721 292 761 cum
312 701 462 778 mancipiis
482 701 635 779 agendum,
650 719 713 774 quae
733 719 798 759 cum
818 702 896 760 heris
917 701 964 760 vel
989 715 1087 760 eorum
1108 700 1176 760 filiis
1196 719 1314 778 peccare

227 811 446 861 consueverunt.
479 802 513 860 In
529 802 626 861 mortis
641 800 756 858 articulo
770 801 925 860 absolvitur
937 801 1088 877 poenitens,
1098 803 1147 874 qui
1161 819 1220 860 non
1230 801 1315 861 habet

229 911 350 978 tempus,
365 902 410 960 vel
429 900 555 969 modum,
569 899 735 978 expellendi
755 901 893 970 amicam;
915 919 978 973 quae
1001 911 1106 966 tamen,
1121 903 1146 958 si
1159 902 1219 961 ullo
1232 911 1315 977 pacto

228 1000 290 1059 fieri
304 1011 409 1078 posset,
424 1000 495 1060 foret
508 1000 542 1058 ab
555 1002 617 1077 ejus
632 1009 746 1076 aspectu
761 999 927 1058 amovenda.
968 999 1158 1058 Occasionem
1173 1000 1315 1078 moraliter

229 1100 427 1169 necessariam,
437 1119 510 1173 quae,
525 1100 642 1168 scilicet,
654 1098 688 1156 ad
699 1099 742 1157 sui
753 1082 986 1158 sustentationem
1001 1099 1160 1170 requiritur,
1172 1102 1216 1159 vel
1224 1100 1316 1158 deseri

227 1201 325 1272 nequit
338 1200 444 1273 absque
458 1200 627 1276 gravissimo
640 1199 733 1266 famae,
747 1197 875 1267 honoris,
886 1199 931 1256 vel
944 1217 1038 1257 rerum
1053 1196 1215 1274 dispendio,
1230 1217 1315 1259 nemo

228 1297 356 1356 deserere
370 1301 489 1376 cogitur,
504 1299 560 1356 nisi
579 1308 646 1374 post
665 1296 789 1354 adhibita
801 1297 890 1356 semel
903 1299 1040 1356 iterumve
1060 1298 1194 1367 remedia,
1209 1299 1316 1371 absque

229 1396 304 1456 felici
318 1417 464 1456 successu.
507 1396 649 1454 Caeterum
664 1395 832 1473 plerumque
846 1407 968 1472 oportet,
983 1397 1139 1473 praesertim
1153 1397 1266 1470 quando
1275 1395 1315 1480 'de

229 1497 298 1554 vitio
312 1498 387 1572 turpi
401 1498 501 1573 agitur,
513 1497 723 1555 absolutionem
736 1495 860 1565 differre,
874 1505 905 1553 ut
918 1495 1041 1554 remedia
1054 1513 1154 1572 reapse
1164 1496 1316 1556 adhibean-

231 1605 285 1663 tur,
307 1595 545 1669 quandocumque
566 1596 594 1654 id
618 1593 769 1654 commode
790 1595 852 1652 fieri
875 1596 982 1671 possit:
1009 1613 1095 1668 quarn
1120 1597 1256 1656 rationem
1283 1613 1315 1654 se

229 1713 342 1772 semper
354 1713 484 1753 servasse
499 1695 531 1754 S.
547 1695 714 1773 Alphonsus
733 1702 859 1752 testatur.
894 1703 913 1729 ‘⁴
924 1692 1037 1752 Censeo
1050 1695 1138 1762 enim,
1153 1696 1230 1769 quod
1251 1714 1317 1754 con·

229 1793 363 1852 fossarius
381 1802 523 1868 tamquam
538 1794 666 1853 medicus
693 1803 802 1851 tenetur
827 1802 922 1870 aptare
942 1811 994 1852 suo
1021 1795 1168 1868 poenitenti
1191 1794 1318 1854 remedia

228 1904 399 1971 opportuna,
415 1903 445 1951 ut
457 1893 505 1952 ille
518 1913 599 1952 suam
612 1893 697 1950 faciat
716 1893 854 1960 salutem3
875 1911 995 1966 reorque
1010 1893 1121 1951 nullum
1135 1894 1210 1952 aliud
1224 1894 1316 1970 aptius

227 1995 384 2052 antidotum
399 1993 553 2052 ministrari
573 2011 659 2073 posse
672 1993 709 2059 ei,
725 1991 774 2063 qui
796 2001 838 2048 est
858 1993 887 2049 in
906 1993 1054 2051 occasione
1076 1994 1216 2068 proxima,
1232 2011 1318 2066 quam

228 2089 392 2152 dilationem
414 2093 621 2159 absolutionis;
644 2091 713 2149 dum
734 2092 911 2167 experientia
936 2092 1029 2157 docet,
1050 2091 1128 2164 qnod
1147 2095 1316 2168 poenitentes

230 2202 381 2267 postquam
409 2192 528 2250 absoluti
547 2191 707 2258 discedunt,
722 2202 753 2248 ut
778 2191 931 2268 plurimum
955 2192 1102 2269 negligunt
1127 2192 1222 2252 media
1248 2210 1318 2268 prae·

231 2293 338 2368 scripta
350 2289 493 2358 adhibere,
507 2293 590 2348 etsie
603 2291 736 2349 facillime
750 2290 888 2348 recidunt.
931 2290 1006 2348 Cum
1023 2309 1038 2346 e
1052 2307 1190 2350 converso
1204 2291 1318 2365 quando

231 2389 303 2465 ipsis
324 2389 464 2448 absolutio
488 2389 649 2467 denegatur,
672 2390 833 2466 vigilantius
858 2398 994 2465 satagunt¹
1008 2389 1133 2448 remedia
1155 2392 1269 2464 exequi,
1291 2402 1320 2448 et

233 2490 432 2547 tentationibus
446 2490 595 2557 obsistere,
609 2489 726 2566 impulsi
741 2471 888 2561 quidemn
901 2489 1011 2556 timore,
1025 2506 1061 2546 ne
1081 2488 1195 2547 eumad
1209 2489 1319 2548 confes·

152 2636 156 2639 .
230 2589 339 2647 sarium
352 2589 492 2658 redibunt,
507 2591 608 2648 iterum
623 2589 685 2647 sine
699 2589 875 2647 absolutione
898 2587 1084 2646 dimittantur.
1126 2588 1166 2647 Et
1179 2607 1246 2647 casu
1261 2607 1318 2663 quo

231 2691 373 2765 poenitens
392 2689 469 2765 prins
483 2688 645 2747 admonitus
667 2690 701 2746 ab
721 2688 776 2746 alio
796 2672 971 2747 confessario
984 2687 1079 2749 media
1092 2673 1259 2766 praescripta
1270 2707 1319 2747 nc·
1358 2730 1363 2735 -

231 2789 362 2866 glexerit,
377 2796 405 2846 et
417 2787 519 2847 eodem
533 2788 619 2846 modo
639 2788 724 2847 fuerit
742 2789 882 2864 relapsus,
896 2786 960 2848 dico
979 2789 1098 2848 omnino
1120 2787 1319 2849 dimittendum

233 2905 297 2946 esse
312 2889 374 2946 sine
388 2885 575 2955 absolutione,
585 2888 642 2946 nisi
655 2888 725 2946 forte
738 2887 958 2947 extraordinaria
968 2889 1050 2966 signa
1057 2886 1163 2948 doloris
1176 2890 1319 2948 exhibeat.

233 2986 274 3044 Et
286 2987 372 3044 etiam
385 2986 452 3044 huic
472 2987 566 3045 adhuc
579 2987 800 3046 extraordinaria
812 2989 1031 3063 compunctione
1050 2987 1165 3057 donato,
1179 2987 1320 3047 ordinarie

232 3083 387 3158 loquendo,
403 3084 605 3144 absolutionem
619 3085 800 3164 denegarem,
815 3087 928 3160 quando
942 3086 1093 3145 commode
1104 3087 1242 3146 absolutio
1256 3105 1321 3162 pos·

234 3196 278 3243 set
290 3183 407 3243 differri.
441 3185 575 3244 Fortasse
590 3186 675 3244 alicui
689 3187 751 3246 haec
771 3186 884 3245 tradens
897 3188 984 3245 nimis
998 3185 1106 3263 rigidus
1120 3186 1254 3245 videbor:
1269 3185 1321 3243 sed

233 3301 298 3361 ego,
313 3303 377 3342 curn
391 3285 558 3360 poenitentes
571 3285 757 3345 offendissem
767 3286 1121 3364 hujusmodioccasionum
1131 3286 1239 3358 laqueis
1253 3286 1321 3344 irre·

234 3383 310 3453 titos,
325 3384 367 3442 sic
389 3402 504 3460 semper
516 3386 573 3461 egi,
588 3395 616 3444 et
635 3405 750 3463 semper
763 3405 861 3464 agam;
883 3386 936 3444 bac
950 3387 1025 3444 enirn
1040 3387 1087 3442 via
1106 3385 1241 3444 incedens
1263 3402 1321 3444 non

233 3501 280 3542 me
293 3482 427 3560 rigidum,
442 3482 493 3542 sed
508 3485 632 3544 maxime
646 3505 714 3563 erga
726 3505 777 3544 eos
797 3487 949 3562 benignum
969 3503 1032 3543 esse
1052 3495 1131 3561 puto,
1146 3484 1322 3558 quandoqui-

234 3582 299 3642 dem
314 3585 394 3644 nullo
413 3585 469 3644 isto
483 3585 574 3661 aptior
586 3585 689 3645 modus
711 3585 781 3644 mihi
794 3586 912 3653 videtur,
926 3596 958 3644 ut
979 3585 1034 3661 ipsi
1055 3605 1071 3641 a
1091 3586 1226 3662 peccatis,
1240 3594 1269 3644 et
1287 3585 1322 3644 ab

235 3691 339 3741 aeterna
361 3684 542 3743 damnatione
562 3685 734 3761 eripiantur;
756 3696 784 3742 et
804 3703 820 3742 e
843 3686 983 3744 contrario
1006 3683 1160 3755 crederem,
1188 3686 1274 3759 quod,
1296 3687 1322 3744 si

235 3781 359 3858 benigne
379 3783 491 3860 agendo
511 3784 719 3843 absolutionem
747 3802 832 3856 quam
853 3795 952 3861 petunt
971 3785 1013 3844 eis
1040 3795 1213 3862 praestarem,
1238 3803 1323 3843 causa

236 3897 331 3938 essem
344 3889 375 3938 ut
387 3884 491 3946 misere
505 3885 535 3940 in
548 3884 623 3942 vitiis
634 3880 889 3943 marcescerent.”1

278 3982 346 4036 191.
367 3980 424 4046 Qui
439 3982 533 4040 animo
551 3983 736 4042 contrahendi
755 3984 927 4042 matrimonii
947 4001 978 4039 se
998 3985 1134 4048 invisunt,
1148 3982 1232 4057 juxta
1244 3979 1322 4036 Ron-

237 4078 370 4155 cagliam,
385 4091 505 4155 possunt
524 4080 558 4140 ad
579 4082 772 4141 sacramentad
793 4083 900 4140 amitti:
922 4082 969 4140 cui
990 4091 1084 4140 tamen
1104 4077 1270 4137 contradicit
1289 4078 1322 4135 S.

236 4177 414 4256 Alphonsus‚
429 4177 562 4257 hujusmo
575 4174 777 4241 diconsortium
791 4181 930 4259 peccandi
950 4198 1013 4238 esse
1034 4179 1213 4238 occasionem
1228 4178 1324 4252 proxi·
1409 4169 1412 4174 ’

235 4297 313 4340 mam
324 4277 488 4340 declarans:
511 4287 530 4316 ‘⁶
539 4299 593 4359 ego
606 4269 783 4370 experientia
796 4280 896 4339 doctus
910 4281 959 4338 vix
978 4279 1069 4337 semel
1081 4277 1127 4337 vel
1147 4278 1248 4334 iteruin
1261 4295 1324 4355 pcr-

680 4503 723 4569 (1)
742 4499 772 4550 L.
781 4499 813 4550 vi.
825 4515 852 4549 n.
860 4500 919 4548 456.
