3144 5192
268 551 327 608 274
642 541 785 602 CAPUT
806 541 989 603 UNlctJM.

312 715 359 770 111.
380 709 438 778 Qui
452 711 482 769 in
495 717 568 768 statu
582 710 691 786 peccati
704 709 830 769 mortalis
842 709 958 769 ordines
966 708 1014 769 dat
1022 710 1146 768 minores
1159 718 1188 769 et
1200 719 1361 779 tonsuram,

265 828 433 890 persuasum
453 808 562 868 habens
574 825 626 867 eoa
639 826 697 868 non
710 825 776 867 ease
789 819 974 878 sacramenta,
988 826 1045 871 non
1059 807 1169 868 videtur
1180 808 1359 868 damnandus

270 912 339 970 novi
352 909 478 988 peccati:
501 926 583 966 saecu
597 909 621 966 si
641 926 762 968 censura
783 909 885 985 ligatus
907 917 960 977 est,
975 926 1061 982 quam
1083 909 1187 966 violare
1208 918 1356 986 peccatum

270 1020 315 1070 eat
327 1027 423 1088 grava.
445 1008 504 1076 Qui
516 1026 552 1066 eo
565 1006 594 1065 in
608 1015 680 1066 statu
691 1006 880 1076 diaconatum,
895 1007 1095 1075 sacerdotium,
1106 1006 1152 1066 vel
1161 1008 1357 1084 episcopatum

270 1109 328 1176 dat,
343 1127 449 1168 novum
459 1114 607 1186 peccatum
622 1105 755 1174 admittit,
769 1116 797 1164 at
810 1106 925 1178 quidem
936 1125 987 1184 pro
1001 1125 1121 1165 numero
1135 1106 1356 1166 ordinandorum

272 1209 355 1270 toties
369 1215 476 1285 peccat,
491 1205 597 1282 singuli
611 1204 687 1262 enim
699 1215 777 1263 actus
791 1215 859 1263 aunt
871 1207 900 1264 iu
914 1223 945 1264 se
956 1205 1100 1282 completi.

614 1438 639 1514 §.
655 1437 710 1497 lll.
752 1435 801 1496 Dr
821 1454 1014 1496 onoruanms.

311 1613 358 1666 14.
380 1607 438 1675 Qui
450 1608 623 1684 baptismum
635 1627 693 1666 nou
707 1617 863 1685 acceperat,
873 1607 1002 1666 ordinem
1016 1605 1124 1665 nullum
1133 1606 1278 1683 reciperet,
1289 1606 1356 1664 licet

267 1709 336 1767 ritus
350 1709 380 1766 in
393 1727 428 1766 eo
438 1716 568 1784 peractus
582 1706 691 1773 fuisset,
703 1725 768 1766 narn
778 1707 908 1765 minister
922 1705 1032 1765 christi
1048 1723 1111 1763 esse
1125 1724 1182 1763 non
1193 1714 1295 1783 potest,
1304 1706 1354 1778 qui

270 1808 431 1866 charactere
450 1806 605 1864 christiano
615 1823 673 1863 non
687 1801 915 1884 estinsignitus.¹

309 1911 356 1965 15.
379 1906 440 1965 Soli
451 1903 556 1964 subditi
568 1904 603 1961 ab
612 1922 785 1977 unoquoque
798 1906 936 1981 episcopo
943 1903 1093 1963 ordinandi
1101 1912 1176 1972 sunt,
1186 1904 1239 1962 nisi
1247 1904 1354 1960 litteras

271 2006 446 2065 dimissorias
472 2006 518 2064 sui
543 2003 679 2062 ordinarii
705 2003 753 2066 alii
779 2003 907 2071 afferant,
934 2002 979 2062 vel
1004 2003 1185 2081 privilegium
1208 2001 1356 2060 habuerint

268 2107 403 2180 speciale.
446 2104 568 2162 Ratione
585 2101 719 2179 originis
739 2102 866 2160 subditus
881 2113 925 2160 est
943 2107 993 2176 qui
1013 2104 1043 2160 iu
1068 2102 1185 2160 dioeceai
1205 2111 1248 2159 est
1261 2109 1353 2168 natus,

268 2201 455 2260 “dummodo
481 2210 577 2259 tamen
603 2201 642 2258 ibi
670 2209 751 2261 natus
776 2219 835 2260 non
854 2201 940 2260 suerit
965 2221 1003 2260 cx
1028 2201 1178 2271 accidenti,
1205 2201 1353 2259 occasione

268 2301 405 2360 nimirum
422 2299 543 2370 itineris,
558 2299 657 2368 officii,
671 2301 833 2378 legationis,
847 2311 1022 2370 mercaturae,
1037 2301 1083 2358 rel
1096 2301 1222 2378 cujusvis
1240 2299 1353 2357 alterius

269 2401 433 2480 temporalis
446 2419 544 2470 nrorae,
558 2419 610 2460 seu
624 2403 825 2478 permanentis
839 2402 901 2479 ejus
914 2400 1000 2478 patris
1015 2402 1044 2459 in
1058 2400 1108 2460 illo
1121 2400 1202 2468 loco;
1216 2418 1273 2472 quo
1286 2417 1355 2457 casu

268 2503 428 2560 nullatenus
450 2501 592 2579 ejusmodi
606 2501 718 2559 sortuita
739 2502 879 2569 nativitas,
894 2499 944 2558 sed
965 2517 1032 2557 vera
1051 2511 1157 2559 tautum
1172 2507 1200 2556 et
1221 2499 1354 2556 naturalis

264 2603 352 2677 patris
367 2603 447 2676 origo
460 2601 513 2658 erit
534 2592 752 2658 attendenda.'’²
783 2601 825 2658 Ita
838 2600 1021 2660 Innocentius
1034 2599 1105 2658 XII.
1128 2599 1250 2656 Ratione
1261 2597 1355 2656 domi·

269 2697 334 2758 cilii
347 2698 476 2756 subditus
490 2697 524 2755 fit
542 2698 591 2771 qui
604 2696 638 2752 ad
660 2696 805 2756 dioecesim
827 2699 956 2773 pervenit
976 2698 1070 2756 animo
1093 2699 1133 2757 ibi
1158 2696 1353 2774 permanendi,

264 2798 313 2870 qui
333 2795 465 2853 decennii
484 2794 658 2852 habitatione
684 2794 826 2869 probetur,
849 2797 895 2854 uel
915 2795 1002 2854 dorno
1025 2797 1173 2866 edificata,
1195 2807 1224 2854 et
1249 2799 1355 2875 majore

266 2895 405 2952 bonorum
432 2901 511 2968 parte
533 2892 600 2950 illuc
614 2890 772 2962 translata,³
787 2906 816 2952 et
835 2913 886 2972 per
904 2896 1028 2954 notabile
1048 2895 1164 2970 aliquod
1184 2905 1294 2972 tempus
1314 2895 1353 2954 ibi

266 2992 427 3051 manendo:
449 2991 587 3064 debetque
604 2991 701 3069 jurare
714 2993 790 3051 hunc
805 2996 931 3053 animum
945 3003 1012 3052 tunc
1025 3014 1057 3052 se
1076 2996 1191 3054 habere.
1233 2994 1353 3054 Ratione

265 3092 402 3174 beneficii
422 3092 550 3153 subditus
572 3093 604 3150 fit
630 3094 679 3167 qui
706 3093 876 3155 beneficium
903 3094 1129 3154 ecclesiasticum
1156 3095 1191 3152 ab
1217 3095 1352 3171 episcopo

266 3188 402 3271 accepit,⁴
414 3195 463 3266 qui
477 3203 570 3251 tamen
584 3192 609 3249 si
624 3193 707 3251 suerit
720 3202 845 3262 tonsura,
860 3194 906 3251 vel
920 3195 1079 3252 minoribus
1098 3194 1255 3262 ordinibus,
1270 3215 1286 3252 a
1299 3212 1352 3252 suo

263 3295 401 3371 episcopo
427 3294 563 3360 initiatus,
587 3291 670 3350 debat
695 3294 832 3351 exhibere
857 3294 963 3352 litteras
994 3293 1197 3352 testimoniales
1231 3294 1267 3352 de
1292 3293 1351 3351 suis

263 3393 412 3460 natalibus,
437 3401 527 3461 aetate,
551 3400 579 3449 et
604 3393 741 3451 moribus.
784 3394 880 3460 Quum
906 3393 984 3452 nulla
1009 3393 1085 3469 apud
1105 3412 1158 3452 nos
1181 3394 1240 3450 sint
1261 3393 1352 3450 stricti

262 3493 386 3550 nominis
400 3493 548 3558 beneficia,
562 3492 679 3569 originis
702 3501 731 3549 et
750 3492 887 3551 domicilii
902 3493 969 3570 jura
988 3492 1155 3550 attendenda
1175 3501 1248 3550 sunt.
1291 3493 1349 3559 Qui

265 3608 302 3646 ex
316 3591 435 3666 Europa
454 3591 510 3648 huc
531 3600 670 3648 venerunt
688 3609 803 3648 suorum
826 3591 1027 3667 episcoporum
1048 3592 1154 3649 litteras
1176 3591 1352 3649 dimissorias

259 3685 427 3764 plerumque
447 3687 586 3746 afferunt:
608 3689 686 3760 quod
700 3689 725 3745 si
738 3689 849 3766 legibus
867 3692 965 3765 patriis
987 3699 1105 3759 vetetur,
1121 3709 1156 3750 ne
1178 3692 1346 3768 episcopus,

296 3892 338 3958 (l)
359 3889 436 3941 Cone.
445 3889 503 3940 Nic.
515 3889 578 3939 Gan.
589 3890 640 3940 xix.
651 3898 675 3941 et
686 3907 707 3940 c.
718 3891 825 3953 venians,
837 3891 867 3943 dc
878 3894 962 3960 presb.
974 3911 1025 3945 non
1035 3893 1129 3962 baptis.

296 3979 338 4044 (2)
359 3976 462 4026 Constit
475 3975 652 4046 Speculatores.
688 3977 834 4028 Communis
839 3980 901 4044 juris
908 3981 1026 4046 principia
1038 3986 1186 4030 consonant:
1205 3979 1248 4029 “lt
1259 3980 1280 4029 ia
1291 3980 1351 4040 said,

259 4063 319 4124 that,
330 4063 357 4112 in
368 4078 439 4126 every
450 4063 558 4124 case‚the
569 4062 677 4113 children
686 4064 746 4112 born
755 4064 784 4112 of
791 4064 896 4126 English
907 4072 1004 4130 parents
1013 4082 1076 4114 were
1088 4066 1194 4129 capable,
1202 4071 1227 4114 at
1235 4081 1349 4116 common

258 4149 314 4208 law,
328 4149 357 4197 of
368 4147 500 4210 inheriting
511 4165 537 4197 as
554 4148 647 4198 nativos
663 4149 741 4199 ifthe
758 4149 835 4200 father
856 4157 922 4200 went
942 4150 990 4200 and
1009 4151 1142 4200 continued
1158 4150 1246 4199 abroad
1265 4150 1292 4198 in
1309 4150 1351 4199 the

229 4227 231 4234 ’
260 4232 382 4284 character
394 4233 461 4281 osan
470 4227 642 4295 Rnglishman,
650 4234 698 4284 and
709 4233 770 4283 with
781 4235 822 4284 the
834 4235 989 4298 approbation
1001 4234 1030 4282 of
1037 4234 1078 4286 tha
1086 4233 1244 4296 Sovereign.''
1262 4233 1351 4284 Kent’s

260 4317 357 4367 Oomm.
366 4318 413 4368 rol.
424 4318 449 4368 ii
459 4334 485 4367 n.
494 4321 534 4367 51.
561 4319 676 4379 Queritur
687 4320 717 4370 de
729 4321 819 4370 civium
830 4319 1031 4371 Americanorum
1042 4321 1099 4370 filiis
1110 4321 1137 4370 in
1148 4321 1237 4371 exteris
1248 4319 1351 4382 regioni·

257 4403 303 4452 bus
313 4402 376 4451 natis
385 4403 447 4452 nihil
457 4403 510 4465 lage
522 4404 655 4456 definitum.
683 4405 719 4455 Ib.
732 4421 757 4455 n.
770 4407 810 4454 53.

297 4487 339 4552 (3)
360 4485 446 4535 Gouat.
457 4486 634 4554 speculatores.
786 4489 838 4557 (4)
858 4489 889 4539 O.
901 4506 958 4541 cum
969 4491 1059 4551 nullus,
1070 4491 1100 4540 da
1111 4496 1185 4555 temp.
1197 4489 1247 4539 ord.
