3108 5162
248 553 307 610 308
523 543 584 605 DE
603 541 782 604 ouulous
803 542 1053 606 GONJUGUM.

185 762 192 770 .
288 718 338 774 do.
360 709 444 780 Quod
458 711 493 771 ad
508 729 612 772 munuc
626 712 754 790 conjugii
767 720 885 788 spectat,
900 713 1032 788 Apostoli
1044 720 1199 790 precepta
1214 709 1370 771 servanda

248 823 330 874 eunt:
354 813 478 872 “Uxori
500 814 543 872 vir
565 811 691 870 debitum
710 810 824 870 reddat:
846 811 977 871 similiter
1002 822 1094 872 autem
1119 821 1150 870 et
1174 830 1267 870 uxor
1290 811 1366 870 viro,

249 913 355 974 Mulier
368 913 413 971 sui
426 913 554 989 corporis
568 920 735 990 potestatem
750 911 916 982 nonhabet,
931 911 980 970 sed
995 914 1048 972 vir.
1090 912 1252 972 Similiter
1267 919 1368 970 autem

249 1023 278 1072 et
289 1013 334 1072 vir
346 1013 391 1072 sui
405 1013 533 1090 corporis
554 1019 722 1090 potestatem
737 1011 902 1082 nonhabet,
923 1011 975 1069 sed
996 1012 1107 1071 mulier.
1149 1012 1275 1070 Nolite
1290 1011 1368 1068 frau-

248 1111 314 1172 dare
326 1113 461 1181 invicem,
475 1113 532 1170 nisi
547 1111 618 1170 sorte
631 1129 669 1170 ex
683 1129 826 1171 consensu
847 1111 883 1170 ad
897 1121 1018 1188 tempus,
1034 1120 1064 1170 ut
1077 1112 1189 1169 vacetis
1207 1110 1363 1170 orationi:

248 1213 393 1272 etiterum
406 1211 579 1270 revertimini
601 1211 630 1268 in
652 1210 789 1288 idipsum,
811 1229 847 1269 ne
870 1219 957 1270 tentet
975 1229 1027 1270 vos
1041 1219 1153 1269 satanas
1168 1219 1312 1288 propter
1324 1209 1369 1265 in·

247 1312 450 1371 continentiam
463 1301 635 1368 vestram.'’¹
675 1311 709 1370 ln
728 1328 781 1370 usu
803 1319 895 1370 autem
916 1312 1043 1388 conjugii
1057 1309 1202 1386 quidquid
1219 1311 1294 1387 ejus
1308 1305 1362 1366 fini

249 1418 387 1488 repugnat
409 1408 519 1478 sedulo,
543 1409 689 1468 vitandum
711 1419 764 1478 est,
782 1419 813 1468 ut
835 1412 872 1469 sit
892 1411 1090 1470 “honorabile
1112 1409 1310 1469 connubium
1332 1407 1363 1464 in

249 1510 390 1577 omnibus,
404 1519 433 1568 et
445 1509 543 1568 thorus
557 1500 806 1570 immaculatuc.''¹

574 1743 600 1818 §.
622 1743 662 1802 ll.
705 1743 753 1800 Dn
774 1761 830 1801 oso
849 1762 999 1802 contueri.

290 1933 339 1989 66.
361 1930 497 2008 Ignoscat
516 1929 605 1988 lector
625 1928 836 2006 mihi'vestigia
856 1929 887 1986 S.
902 1928 1045 2005 Alphonsi
1065 1930 1094 1987 in
1109 1947 1139 1986 re
1152 1929 1276 1986 lubrica
1291 1943 1356 2002 pre·

251 2031 358 2098 menti;
380 2030 518 2090 intellexit
530 2029 639 2086 scilicet
652 2029 840 2104 peritissimus
860 2027 908 2086 hlc
931 2030 1087 2088 animarum
1108 2027 1243 2086 medicus
1259 2027 1357 2102 impu·

251 2129 355 2186 dicitioe
382 2129 564 2203 praecaeteris
591 2129 690 2184 animae
711 2127 803 2204 plagis
830 2127 958 2186 remedia
979 2127 1148 2195 adhibenda,
1175 2136 1204 2183 et
1233 2128 1350 2185 larvam

249 2225 374 2296 alioquin
385 2234 412 2282 et
431 2227 557 2301 speciem
571 2227 685 2284 inanem
703 2227 814 2284 virtutis
834 2227 940 2284 haberi.
982 2228 1124 2300 Pleraque
1139 2227 1234 2303 ipsius
1252 2223 1351 2282 verbis

250 2324 453 2392 describemus,
468 2325 585 2399 nequid
600 2335 728 2384 nostruin
743 2325 895 2385 offensioni
910 2328 955 2383 sit.

290 2429 338 2485 67.
362 2423 499 2503 Oonjugii
514 2445 594 2492 usus,
609 2425 696 2484 modo
709 2427 810 2484 rationi
823 2425 1015 2494 convenienti,
1029 2427 1124 2483 licitus
1144 2436 1197 2493 est,
1219 2442 1293 2482 nam
1309 2439 1348 2479 ex

248 2527 311 2602 ipso
326 2523 491 2583 Conditoris
510 2526 637 2584 instituto
652 2526 682 2582 fit
695 2535 725 2583 ut
740 2525 824 2583 maris
846 2535 874 2582 et
892 2526 1006 2583 feminae
1021 2525 1221 2601 conjunctione
1249 2538 1346 2600 genus

249 2633 422 2700 propagetur
441 2625 608 2682 humanum.
652 2633 672 2658 “
684 2624 763 2680 Situs
778 2625 912 2683 naturalis
927 2633 980 2692 est,
994 2633 1025 2706 ut
1040 2623 1144 2681 mulier
1157 2625 1192 2680 sit
1205 2622 1345 2684 succuba,

249 2733 278 2780 et
291 2723 333 2778 vir
346 2721 484 2788 incubus;
505 2723 552 2778 hic
572 2724 649 2780 enim
664 2721 767 2779 modus
781 2723 874 2799 aptior
892 2733 936 2780 est
955 2721 1090 2782 effusioni
1104 2723 1224 2782 seminis
1240 2720 1345 2784 virilis,

246 2831 275 2878 et
287 2819 445 2892 receptioni
458 2821 487 2876 in
501 2837 550 2875 vas
563 2818 718 2876 femineum
732 2820 766 2878 ad
777 2821 886 2897 prolem
902 2823 1115 2898 procreandam.
1147 2821 1226 2880 Situs
1241 2829 1339 2878 autem

247 2917 411 2978 innaturalis
426 2925 469 2974 est
481 2919 506 2976 si
520 2918 611 2976 coitus
626 2919 706 2976 aliter
718 2917 776 2990 liat,
791 2939 896 2998 nempe
910 2920 1048 2992 sedendo,
1063 2921 1175 2990 stando,
1190 2919 1225 2978 de
1237 2921 1340 2983 latere,

246 3017 292 3077 vel
317 3027 490 3094 praepostere
513 3037 591 3077 more
617 3019 770 3096 pecudum,
786 3021 830 3080 vel
855 3023 880 3079 si
900 3023 944 3080 vir
963 3024 1000 3081 sit
1019 3022 1170 3090 succubus,
1186 3031 1214 3078 et
1233 3019 1340 3079 mulier

247 3119 359 3178 incuba.
401 3116 519 3179 Ooitum
532 3119 618 3189 hunc,
634 3132 734 3198 preter
753 3122 837 3180 situm
860 3122 1027 3189 naturalem,
1043 3122 1090 3180 alii
1104 3121 1179 3197 apud
1200 3121 1336 3178 Sanchez

246 3219 266 3278 l.
282 3221 322 3278 ix.
337 3219 376 3278 D.
392 3218 476 3278 XVI.
491 3240 520 3278 n.
534 3225 564 3286 2,
578 3221 710 3297 generice
724 3218 858 3279 damnant
878 3221 913 3279 de
937 3222 1064 3288 mortali3
1079 3221 1126 3279 alii
1150 3218 1216 3278 verd
1237 3220 1337 3278 dicunt

246 3337 310 3378 esse
324 3320 442 3378 mortale
462 3321 577 3378 ultimos
598 3320 668 3378 duos
690 3319 803 3388 modos,
818 3319 943 3378 dicentes
968 3321 1002 3378 ab
1021 3321 1065 3378 his
1092 3321 1184 3396 ipsam
1206 3328 1335 3378 naturam

247 3419 407 3478 abhorrere.
441 3418 501 3477 Sed
520 3421 707 3478 communiter
726 3418 825 3479 dicunt
842 3422 900 3488 alii,
927 3438 1027 3478 omnes
1054 3421 1123 3478 istos
1151 3419 1251 3478 modos
1278 3435 1336 3478 non

246 3518 384 3577 excedere
410 3517 523 3594 culpam
549 3520 699 3577 venialem.
731 3519 826 3586 Ratio,
847 3522 915 3592 quia
935 3539 971 3578 ex
996 3539 1053 3578 una
1073 3529 1163 3595 parte,
1177 3520 1244 3577 licet
1262 3517 1336 3576 adsit

246 3616 339 3687 aliqua
352 3615 533 3682 inordinatio,
549 3618 611 3692 ipsa
624 3626 717 3675 tamen
732 3627 844 3675 nonest
857 3629 940 3687 tanta,
952 3627 983 3676 ut
995 3620 1136 3697 pertingat
1148 3617 1184 3675 ad
1205 3618 1332 3684 mortale,

187 3761 189 3766 .
246 3731 311 3770 cum
325 3711 418 3769 solum
433 3707 560 3770 uersetur
574 3715 648 3771 circa
661 3715 843 3773 accidentalia
856 3719 976 3793 copulae,
991 3737 1028 3776 ex
1043 3720 1098 3776 alia
1113 3727 1203 3795 parte,
1217 3718 1333 3775 mutatio

246 3812 316 3870 situs
336 3811 546 3890 generationem
560 3830 617 3869 non
632 3812 759 3888 impedit,
775 3833 841 3872 cum
861 3835 959 3874 semen
981 3819 1034 3875 viri
1055 3837 1113 3877 non
1132 3817 1282 3893 recipiatur
1304 3817 1333 3873 in

245 3914 393 3973 matricem
413 3911 540 3970 mulieris
553 3929 606 3990 per
627 3911 811 3980 infusionem,
826 3933 877 3973 seu
899 3913 1080 3986 descensum,
1095 3917 1145 3974 sed
1169 3935 1220 3992 per
1240 3925 1335 3973 attrac-

245 4015 364 4084 tionem,
382 4013 449 4072 dum
463 4013 567 4071 matrix
584 4031 621 4072 ex
634 4031 665 4070 se
680 4013 842 4072 naturaliter
855 4016 936 4075 virile
950 4035 1050 4074 semen
1065 4009 1224 4074 attrahit.’'³
1255 4015 1332 4072 Atta·

245 4132 313 4172 men
328 4123 347 4150 ‘⁴
358 4123 453 4190 potest
465 4132 529 4172 esse
538 4115 651 4190 signum
661 4115 787 4173 mortalis
798 4106 1132 4192 concupiscenuae‚”⁴uu
1140 4113 1336 4174 animadvertit

246 4213 278 4269 S.
294 4214 435 4283 Thomas,
451 4231 553 4291 nempe
569 4215 594 4271 si
607 4233 644 4272 ex
657 4214 753 4273 bestiae
767 4214 880 4284 affectu,
894 4215 939 4273 vel
951 4213 1087 4273 sodomis
1098 4215 1254 4293 proveniat.
1287 4212 1332 4272 Ob

415 4418 457 4481 (l)
480 4419 490 4462 l
505 4415 562 4464 Cor.
575 4417 614 4467 vii.
627 4419 650 4466 3.
940 4419 982 4485 (2)
1003 4415 1067 4466 Heb.
1078 4415 1130 4466 xiii.
1141 4418 1165 4465 4.

415 4500 457 4564 (a)
477 4497 586 4550 mvsa.
601 4503 658 4549 err.
823 4492 827 4497 ’
948 4503 990 4570 (4)
1010 4501 1110 4552 uidem.
