3144 5192
234 533 290 588 188
417 525 474 586 DE
495 521 824 586 JURlSDIOTIONE
846 520 1137 584 OONFESSARII.

662 1013 805 1075 cnPU‘r
825 1013 894 1074 Vll.

521 1231 560 1274 DE
580 1231 807 1290 JURISDICTIONE
828 1225 1031 1271 consessum.

571 1393 636 1468 §.L
678 1392 986 1468 Dssrruonsrroun.

272 1553 339 1608 121.
361 1548 510 1609 Absolutio
524 1558 568 1608 est
586 1550 741 1609 sacerdotis
755 1549 904 1617 sententia,
921 1546 1031 1605 Christi
1042 1547 1321 1616 nomine,remitten·

234 1649 269 1706 tis
279 1658 393 1726 peccata
406 1650 564 1726 poenitenti.
586 1649 683 1708 Solius
693 1650 846 1707 sacerdotis
857 1659 900 1705 est
912 1647 986 1706 hanc
1000 1664 1132 1705 exercere
1142 1655 1321 1723 potestatem,

230 1766 316 1820 quam
338 1769 354 1806 a
375 1748 493 1806 Christo
514 1747 641 1807 Domino
667 1749 813 1825 Apostolis
834 1765 1012 1814 concessam,
1027 1755 1054 1804 et
1076 1765 1127 1822 per
1153 1765 1202 1803 eor
1223 1764 1328 1804 eorum·

232 1849 449 1907 successoribus
470 1849 617 1926 episcopis
631 1847 725 1906 datam
752 1865 816 1906 esse
831 1855 949 1914 constat,
964 1863 1016 1922 per
1036 1864 1108 1919 quos
1128 1845 1322 1903 sacerdotibus

231 1949 468 2008 communicatur.
510 1946 655 2020 Equidem
670 1947 792 2005 consulit
806 1947 838 2004 S.
853 1945 993 2012 Thomas,
1008 1954 1048 2013 ut,
1068 1944 1217 2004 deficiente
1231 1963 1321 2002 sacer·

231 2044 308 2115 dote,
323 2048 396 2106 laico
410 2048 457 2106 fiat
470 2047 627 2113 consessio,
643 2055 662 2082 ‘⁶
673 2047 722 2120 qui
733 2037 863 2119 quamvis
877 2054 1084 2103 sacramentum
1105 2045 1243 2120 perficere
1263 2063 1321 2102 non

230 2147 332 2222 possit,
348 2155 441 2204 tamen
456 2146 610 2204 sacerdotis
624 2145 765 2204 delectum
780 2164 911 2204 summus
925 2143 1058 2202 sacerdos
1079 2144 1193 2220 supplet
1203 2139 1249 2202 :'’¹
1269 2142 1321 2200 sed

230 2245 330 2316 nequit
355 2245 427 2304 alius
450 2255 554 2322 praeter
573 2245 749 2304 sacerdotem
775 2265 791 2302 a
811 2245 934 2322 peccatis
960 2243 1083 2302 solvere.
1126 2243 1185 2301 Vix
1205 2241 1321 2318 expedit

229 2343 399 2421 plerumque
413 2353 444 2403 ut
469 2346 543 2403 laico
563 2345 676 2422 singula
695 2345 783 2404 animi
803 2365 904 2403 arcana
925 2343 1100 2420 pandantur;
1128 2342 1180 2400 sed
1204 2342 1320 2402 humilis

229 2453 411 2520 peccatorum
438 2445 545 2522 agnitio
566 2446 683 2503 vocibus
706 2445 940 2522 generalioribus,
961 2443 1078 2501 inservit
1102 2451 1134 2499 ut
1154 2442 1320 2518 penitentia

228 2543 316 2600 animi
330 2545 505 2603 innotescat:
523 2554 694 2621 quapropter
707 2547 755 2617 qui
770 2543 911 2622 ejusmodi
933 2543 1063 2620 praestilit
1083 2540 1188 2600 doloris
1203 2541 1318 2607 indicia,

229 2643 335 2718 poterit
356 2643 507 2719 sepulturae
531 2662 613 2700 more
637 2643 792 2702 christiano
813 2642 987 2711 demandari,
1010 2641 1109 2699 solutis
1132 2641 1271 2708 censuris,
1295 2641 1320 2696 si

229 2741 331 2813 quibus
346 2742 442 2799 forsan
456 2741 542 2799 fuerit
551 2743 687 2799 irretitus.
1006 2811 1017 2824 Ι

272 2841 338 2896 122.
362 2839 430 2897 Non
453 2839 570 2898 cuilibet
589 2839 729 2898 sacerdoti
743 2841 909 2901 absolvendi
929 2850 1054 2918 potestas
1068 2839 1213 2914 competit,
1227 2836 1277 2896 sed
1291 2839 1319 2896 ei

229 2937 279 3010 qui
297 2937 548 3016 jurisdictionem
563 2940 683 3016 aceepit.
716 2949 734 2977 ‘⁶
745 2940 912 3008 Quoniam”
928 2942 1022 3015 iuquit
1031 2939 1185 2998 concilium
1199 2937 1321 2997 Triden-

230 3037 331 3106 tinum,
347 3047 367 3074 ⁴⁶
379 3049 479 3098 natura
491 3043 602 3099 stratio
611 3040 713 3117 judicii
725 3041 793 3100 illud
803 3041 944 3118 exposcit,
959 3051 991 3098 ut
1003 3039 1143 3097 sententia
1151 3039 1180 3097 in
1190 3037 1317 3096 subditos

231 3146 339 3196 tantum
354 3139 468 3207 seratur,
483 3159 651 3216 persuasum
667 3159 782 3218 semper
795 3143 824 3200 in
842 3141 976 3199 Ecclesia
995 3138 1053 3197 Dei
1073 3138 1136 3206 suit,
1159 3147 1188 3196 et
1207 3138 1320 3196 verissi-

229 3235 383 3297 mum'esse
394 3238 522 3315 synodus
532 3240 690 3309 confirmat,
705 3241 810 3300 nullius
820 3241 957 3300 momenti
968 3239 1175 3298 absolutionem
1186 3256 1248 3296 eam
1257 3255 1320 3295 esse

230 3335 344 3405 debere,
360 3357 445 3411 quam
458 3340 591 3399 sacerdos
606 3340 634 3398 in
655 3358 719 3398 euni
734 3341 841 3417 profert
850 3341 879 3398 in
899 3358 984 3414 quem
999 3337 1170 3398 ordinariam
1192 3347 1240 3396 aut
1252 3337 1318 3394 sub·

230 3434 386 3514 delegatam
401 3457 459 3498 nou
473 3438 558 3498 habet
565 3430 846 3517 jurisdictionem.”²
871 3483 872 3490 .

125 3565 127 3568 -
192 3607 194 3611 ,
272 3539 339 3594 123.
359 3537 527 3597 Jurisdietio
541 3539 733 3598 ecclesiastica
746 3539 779 3598 in
786 3538 861 3620 foro
876 3545 997 3598 caterno
1012 3545 1189 3615 estpotestas
1200 3534 1317 3612 regendi

229 3632 357 3692 subditos
380 3636 501 3712 legibus,
516 3637 625 3714 adjecta
638 3657 821 3696 censurarum
836 3639 996 3707 sanctione,
1011 3639 1040 3696 in
1062 3638 1163 3710 quibus
1185 3632 1316 3693 tollendis

230 3731 317 3790 etiam
330 3743 487 3791 exercetur.
522 3734 561 3794 In
572 3734 647 3816 soro
661 3736 779 3796 interno
796 3737 958 3816 jurisdictio
971 3747 1016 3796 est
1029 3745 1155 3814 potestas
1175 3753 1230 3808 qua
1250 3751 1317 3792 con·

230 3831 356 3890 seientiae
369 3819 505 3911 ligamina
525 3835 699 3913 injiciuntur,
715 3837 759 3894 vel
779 3839 925 3907 tolluntur,
940 3838 1045 3916 praevia
1058 3836 1150 3913 ipsius
1163 3833 1318 3913 peccatoris

160 4005 164 4018 ,
228 3935 408 3993 accusatione
425 3943 592 4010 spontanea.
629 3934 796 3996 ordinario
804 3937 966 4015 jurisdictio
979 3947 1023 3995 est
1036 3955 1098 4009 quae
1110 3935 1221 3994 muneri
1235 3933 1317 4000 inest,

230 4034 322 4105 qualis
339 4045 384 4094 est
409 4035 569 4103 Pontifieis,
584 4036 722 4113 episcopi,
738 4036 835 4095 vicarii
854 4038 1005 4114 generalis,
1020 4035 1158 4113 parochi:
1181 4032 1318 4112 delegato

228 4129 330 4192 dicitur
343 4154 406 4209 quae
419 4155 436 4192 a
448 4137 568 4212 presule
581 4135 724 4195 ordinario
738 4137 821 4195 alicui
835 4138 996 4214 specialiter
1007 4137 1242 4202 communicatur,
1253 4153 1280 4190 v:
1289 4151 1317 4209 g:

229 4236 397 4310 presbytero
420 4255 516 4295 curam
538 4236 695 4294 animarum
716 4255 773 4296 non
797 4237 951 4295 exercenti.
986 4236 1140 4313 Delegatio
1168 4231 1319 4307 aliquando

512 4417 549 4474 (1)
569 4413 655 4476 Suppl.
667 4413 699 4462 iii.
712 4429 736 4476 p.
748 4429 788 4476 qu.
800 4413 850 4463 viii.
862 4420 905 4463 art
917 4413 941 4463 ii.
953 4415 983 4464 ad
999 4419 1019 4465 l.

516 4501 558 4562 (2)
578 4497 643 4546 Sess.
656 4498 703 4548 xiv.
716 4515 768 4562 cap.
780 4499 820 4548 vii.
831 4500 861 4548 de
872 4501 955 4564 poenit.
