3144 5192
259 535 316 592 182
584 526 642 586 DE
663 523 1013 586 SATISFAOTIONE.

256 715 333 764 nam,
347 713 410 768 333
424 695 475 754 331
488 701 605 772 3333313
618 693 747 761 (1313133,
762 693 895 770 injungit,
910 711 946 752 ne
959 693 1090 752 infirmus
1104 691 1209 766 aliquis
1222 711 1259 752 ex
1273 713 1351 773 mag·

256 795 387 856 nitudine
400 813 491 871 3333
505 794 647 870 desperet,
662 801 689 850 et
703 812 719 850 3
733 792 899 868 poenitentia
912 793 1034 850 totaliter
1047 788 1209 850 recedat.”¹

298 899 365 954 105.
386 893 422 954 ln
434 912 519 970 poens
532 890 709 970 injungenda
722 889 856 949 sacerdos
866 891 950 950 debet
963 891 1114 950 criminum
1130 892 1234 950 babere
1245 893 1348 952 ration·
1403 907 1407 916 ·

257 1013 320 1062 3333
348 1012 401 1052 333
421 1001 515 1052 tamen
540 1009 660 1050 necesse
685 999 729 1048 est
753 1000 785 1048 ut
809 990 922 1067 singula
943 991 1081 1050 memoria
1102 1001 1203 1058 133331,
1225 1010 1290 1050 narn
1312 1011 1349 1052 ex

255 1093 381 1172 generali
405 1092 527 1166 quadarn
547 1090 727 1150 conscientie
754 1089 862 1157 notitia,
890 1099 957 1166 post
981 1091 1094 1166 singula
1120 1091 1174 1149 sibi
1200 1088 1347 1158 declarata,

250 1193 380 1270 judicare
393 1191 497 1269 poterit
509 1188 578 1263 quid
591 1187 799 1268 injungendum
820 1189 857 1246 sit
869 1188 899 1246 in
911 1189 1062 1247 criminum
1082 1189 1286 1266 expiationem,
1300 1191 1346 1248 rel

256 1293 286 1350 13
299 1292 401 1350 anime
412 1289 580 1348 remedium.
622 1289 693 1356 Qua
703 1288 785 1365 jubet
798 1287 929 1346 facienda
941 1286 977 1346 nd
985 1288 1140 1365 jejunium,
1154 1307 1205 1347 seu
1219 1289 1346 1366 corporis

256 1389 478 1456 afflictationem,
505 1389 721 1466 eleemosynam
741 1397 770 1444 et
783 1387 953 1446 'orationem
973 1387 1159 1446 reducuntur:
1188 1388 1218 1446 in
1244 1387 1347 1461 quibus

254 1489 434 1567 singularitas
447 1487 578 1548 evitanda
591 1498 644 1556 est,
664 1497 693 1546 et
711 1485 851 1560 quidquid
870 1485 915 1544 vel
935 1487 1093 1563 3333113311,
1108 1486 1154 1545 vel
1167 1486 1241 1556 aliis,
1255 1489 1347 1564 possit

255 1591 381 1649 incutere
396 1588 553 1646 horrorem.

297 1691 365 1746 100.
387 1687 459 1746 Ante
473 1685 677 1745 absolutionem
691 1684 865 1762 imponenda
875 1692 919 1741 est
931 1685 1108 1760 penitentia,
1119 1704 1207 1759 quum
1216 1696 1346 1763 oporteat

255 1807 317 1846 eam
328 1787 479 1863 acceptari,
491 1794 522 1843 ut
530 1784 720 1844 confessarius
731 1791 909 1862 peccatorem
921 1786 1004 1843 venia
1013 1785 1133 1862 dignum
1143 1803 1207 1843 3333
1217 1784 1343 1863 judicet:

254 1887 305 1946 sed
319 1886 426 1946 ordinis
440 1886 563 1944 inversio
585 1902 644 1942 non
663 1893 707 1941 est
725 1883 828 1960 gravis.
870 1883 904 1940 Si
926 1883 1029 1942 oblitus
1050 1884 1135 1944 fucrit
1153 1885 1343 1944 confessarius

255 1987 453 2064 poenitentiam
479 1985 627 2062 imponere
658 1981 815 2050 confitenti,
842 1981 927 2040 debet
953 1993 1020 2058 post
1045 1984 1254 2044 absolutionem
1280 2001 1342 2043 earn

254 2087 414 2162 injungere,
429 2103 487 2142 non
501 2095 593 2142 tamen
609 2090 689 2142 extra
702 2081 831 2148 tribunal,
846 2099 933 2154 quum
947 2082 985 2140 311
997 2094 1078 2142 33133
1087 2083 1245 2162 judicialis.

296 2188 363 2243 107.
385 2184 457 2251 Qua
470 2182 539 2240 31133
554 2192 696 2260 33333313
708 2189 784 2249 3331,
805 2180 852 2239 vel
872 2179 1020 2251 debentur,
1040 2193 1160 2259 possunt
1172 2202 1188 2240 3
1201 2183 1342 2242 confessa·
1432 2244 1438 2254 ,

255 2284 309 2352 313,
332 2283 503 2360 penitentia
530 2283 619 2341 instar
634 2281 747 2360 jubertz
775 2299 810 2338 r:
832 2298 868 2356 g:
893 2288 924 2338 ut
944 2292 1064 2354 quatuor
1076 2284 1143 2343 anni
1157 2282 1341 2361 temporibus,

253 2382 355 2442 diebus
372 2382 494 2451 statutis,
510 2383 633 2461 jejunet,
654 2380 701 2438 vel
723 2391 753 2439 ut
773 2379 868 2439 audiat
881 2379 1003 2450 Missam
1017 2379 1063 2440 die
1078 2382 1167 2442 festo:
1190 2401 1247 2456 quo
1261 2391 1343 2458 pacto

253 2483 388 2562 ligabitur
407 2482 547 2559 paenitens
560 2482 623 2559 lege
636 2480 761 2558 generali
782 2490 812 2538 et
831 2489 984 2556 praeccpto,
1005 2481 1077 2540 adeo
1092 2492 1122 2541 ut
1134 2492 1233 2559 peccet
1245 2491 1342 2540 contra

253 2592 403 2654 utrumque
426 2599 487 2639 rem
508 2579 673 2640 omittendo.
715 2579 753 2636 At
780 2580 949 2656 plerumque
969 2580 1144 2658 injungenda
1165 2590 1232 2638 sunt
1254 2599 1343 2657 opera

253 2680 325 2740 31133
338 2698 396 2738 333
409 2678 518 2736 debita:
539 2687 712 2755 quapropter
732 2679 789 2736 nisi
809 2677 1002 2737 confessarius
1022 2688 1145 2738 mentem
1169 2697 1250 2738 suam
1265 2679 1341 2737 31333

252 2779 387 2856 explicet,
401 2787 532 2834 censetur
545 2795 610 2850 333
623 2776 712 2835 libera
725 2787 792 2834 sunt
804 2778 977 2854 injunxisse.
1011 2778 1043 2835 Si
1057 2777 1182 2852 quotidie
1196 2796 1248 2855 per
1261 2795 1341 2838 men·

251 2897 313 2936 sem
328 2877 451 2935 Missam
465 2875 632 2934 audiendam
655 2876 784 2954 jusserit,
806 2878 937 2936 nouerit
959 2895 1077 2936 necesse
1097 2878 1128 2936 in
1150 2877 1251 2937 diebus
1270 2896 1340 2954 333-

252 2977 327 3054 cepti
347 2994 428 3034 sacro
455 2976 498 3034 bis
519 2975 638 3043 adstare,
666 2995 731 3036 narn
752 2974 813 3034 dies
839 2977 942 3035 liberas
961 2986 1065 3054 praeter
1084 2977 1156 3036 festa
1174 2976 1340 3055 designasse

252 3077 413 3138 videbitur:
435 3094 519 3136 secus
533 3076 558 3133 si
566 3076 687 3153 jusserit
699 3076 819 3134 Missam
834 3075 931 3134 audire
945 3076 990 3134 die
1004 3075 1094 3144 lest03
1115 3077 1170 3135 nisi
1183 3078 1259 3135 enim
1273 3095 1340 3134 con·

254 3188 309 3236 stet
334 3196 400 3236 eum
427 3185 598 3253 praeceptnm
625 3174 764 3233 Ecclesiae
792 3175 916 3233 uoluisse
936 3194 1011 3233 novo
1031 3185 1174 3253 33333313
1187 3175 1338 3244 inculcare,

252 3277 413 3336 censebitur
426 3275 542 3334 alteram
551 3275 679 3332 Missam
694 3275 854 3352 injunxisse
868 3273 1049 3334 audiendam.

294 3380 361 3434 los.
384 3375 556 3434 Poenitentia
564 3372 688 3452 publica
708 3374 744 3432 ob
764 3383 882 3450 peccata
900 3375 1011 3434 occulta
1024 3392 1179 3447 numquam
1193 3383 1237 3432 331
1248 3374 1340 3450 injun-

250 3475 360 3552 genda3
384 3491 438 3532 nec
457 3476 533 3532 enim
561 3483 674 3550 3333131
700 3474 805 3546 331333
831 3491 904 3531 3333
931 3493 963 3531 33
990 3472 1145 3533 infamandi
1172 3474 1337 3550 imponere:

250 3575 337 3632 “Pro
352 3573 476 3648 peccatis
486 3572 604 3630 occultis
615 3573 798 3646 quantumvis
809 3573 945 3650 gravibus
955 3572 1132 3631 manifestam
1142 3571 1337 3649 poenitentiam

249 3689 308 3728 non
333 3670 516 3746 imponant‚''
545 3667 754 3749 (confessarii):
790 3672 828 3730 311
854 3672 967 3731 11113313
993 3673 1167 3731 Romanum.
1216 3671 1339 3728 Peccata

247 3781 341 3829 autem
356 3767 470 3846 publica
483 3769 703 3828 satisfactionem
718 3770 860 3846 publicam
875 3772 1028 3847 postulant,
1044 3781 1064 3806 ‘⁶
1075 3781 1189 3844 313333
1202 3769 1337 3846 exemplo

246 3889 299 3929 333
312 3867 347 3927 ad
362 3867 451 3926 malos
465 3885 559 3926 mores
573 3869 738 3944 provocavit
763 3870 943 3947 (peccator),
957 3858 1025 3929 Ι333
1039 3869 1247 3930 emendationis
1261 3869 1337 3944 testi·

246 3971 346 4030 monio
359 3967 394 4026 ad
407 3976 513 4026 rectam
526 3979 641 4027 revocet
653 3962 792 4028 vitam.”²
830 3970 869 4028 At
891 3971 970 4029 solus
989 3971 1144 4048 episcopus
1157 3968 1262 4047 poterit
1273 3986 1336 4027 eam

245 4069 442 4148 poenitentiam
457 4069 607 4146 injungere
628 4087 691 4142 quae
713 4068 827 4145 publica
839 4080 1028 4147 nuncupatur,
1053 4067 1130 4144 quod
1150 4069 1259 4128 scilicet
1271 4067 1335 4141 3313

244 4171 407 4247 3331133113
418 4178 496 4226 veste
509 4166 624 4227 indutus
635 4168 670 4227 sd
682 4169 757 4227 iores
768 4168 898 4227 ecclesie
912 4187 943 4226 se
953 4169 1043 4238 313131,
1058 4186 1173 4226 cereum
1187 4183 1339 4226 accensum

245 4287 303 4345 333
318 4270 449 4327 manibus
464 4268 576 4327 ferens:
599 4269 658 4328 imo
671 4287 724 4327 nec
739 4268 872 4345 praesenti
886 4267 1045 4346 discipline
1066 4268 1206 4344 congruit,
1221 4277 1252 4326 ut
1265 4265 1339 4343 epis·

509 4432 552 4496 (l)
572 4429 659 4494 Suppl.
667 4430 701 4480 iii.
712 4445 737 4494 3.
748 4445 789 4493 qu.
800 4428 867 4478 xviii.
880 4435 924 4479 art.
935 4429 967 4478 ir.
1002 4428 1078 4497 Resp.

507 4515 550 4578 (2)
569 4513 647 4563 Cone.
659 4513 726 4564 Trid.
738 4513 803 4562 Sess
814 4514 883 4563 xxiv.
894 4529 947 4579 cap.
957 4513 1008 4562 viii.
