3124 5168
262 529 300 586 38
546 523 603 585 DE
626 522 834 584 MINISTRO
855 523 1066 585 BAPTISMI.

261 690 390 752 officium
402 681 608 752 neomesiam
648 690 752 750 Utrum
766 689 889 750 infidelis
904 689 1048 768 baptizare
1069 698 1179 767 posset,
1190 690 1352 769 Augustino

261 809 320 851 nou
345 789 414 848 satis
446 798 575 849 constare
601 789 696 848 visum
721 781 797 848 estz²
828 788 880 848 sed
904 787 1074 865 procedente
1103 799 1231 867 tempore
1257 791 1350 850 omnis

262 888 408 950 dubitandi
420 889 490 948 ratio
503 889 611 950 sublata
623 898 684 957 est;
699 897 871 965 quapropter
884 888 1024 947 Nicolaus
1037 888 1062 947 1.
1076 887 1191 948 edocuit
1201 889 1351 967 Bulgaros,

261 989 423 1067 baptizatos
447 989 613 1047 innomine
639 987 751 1048 Sancto
777 987 937 1056 Trinitatis,
964 987 1025 1049 sive
1052 1005 1069 1044 a
1096 987 1260 1056 christiano,
1288 989 1349 1048 sive

261 1105 384 1166 pagano,
396 1088 498 1146 iterum
507 1087 645 1165 baptizari
658 1106 717 1147 uon
730 1085 834 1145 debere
843 1081 867 1144 :³
880 1094 900 1121 “
910 1086 977 1159 quia
989 1095 1021 1144 ut
1030 1086 1060 1144 N
1063 1085 1170 1148 icolaus
1178 1087 1258 1164 Papa
1266 1086 1349 1144 dicit:

261 1188 420 1266 baptismus
434 1205 492 1246 uon
514 1195 558 1244 est
576 1185 702 1256 illorum,
726 1185 835 1244 scilieet
853 1185 1069 1264 baptizantium,
1090 1184 1142 1244 sed
1154 1187 1228 1265 ejus,
1242 1185 1352 1245 scilicet

264 1278 424 1345 christi.”⁴

303 1389 350 1444 lo.
372 1384 477 1444 Utrum
489 1384 574 1444 liceat
586 1383 660 1443 laico
673 1402 711 1443 ex
732 1381 897 1464 sacerdotis,
912 1381 957 1440 vel
970 1384 1101 1461 episcopi
1114 1385 1206 1453 venia,
1227 1382 1350 1442 infantes

261 1484 419 1562 baptizare,
433 1484 471 1542 ob
485 1485 648 1543 communia
661 1485 725 1544 vitae
745 1482 919 1551 discrimina,
939 1483 987 1541 ubi
1010 1483 1167 1543 sacerdotis
1187 1484 1272 1560 copia
1293 1501 1353 1541 nou

262 1593 315 1653 est,
329 1583 531 1658 inquirendum
551 1583 683 1642 occurrit.
726 1581 888 1641 Censemus
909 1582 1088 1660 negandum
1108 1602 1174 1642 nam
1194 1591 1222 1640 et
1240 1589 1349 1659 patrum

262 1683 425 1742 testimonia
437 1682 472 1741 de
486 1683 662 1760 periclitante
676 1691 704 1740 et
716 1681 840 1758 perituro
859 1681 1024 1754 loquuntur,
1045 1692 1074 1741 et
1086 1682 1227 1742 Ecclesia
1240 1680 1352 1739 decreta

261 1781 296 1840 de
309 1781 410 1841 eadem
422 1783 591 1840 necessitate
603 1781 687 1858 plane
700 1789 796 1858 agunt.
819 1779 868 1840 Sic
879 1779 1031 1858 Eugenius
1045 1782 1126 1858 Papa
1138 1781 1207 1840 dicit
1220 1788 1239 1816 “
1249 1779 1347 1840 mortis

261 1883 431 1942 imminente
455 1880 593 1958 periculo,
620 1881 799 1958 baptizentur
823 1880 907 1940 etiam
934 1898 985 1956 per
1009 1879 1149 1940 laicum.''
1203 1877 1351 1952 Equidem

262 1999 375 2041 sacrum
395 1982 586 2040 ministerium
608 1987 730 2038 nonest
749 1979 834 2038 facile
855 1998 872 2036 a
889 1979 964 2038 laico
984 1978 1188 2058 usurpandum,
1210 1988 1239 2035 et
1257 1996 1350 2036 sacra·

260 2081 351 2140 menti
365 2079 489 2158 indigna
513 2079 669 2138 tractationi
690 2078 724 2136 fit
742 2079 835 2148 locus,
857 2077 925 2137 dum
945 2077 1044 2148 laicus,
1066 2079 1113 2138 oui
1136 2078 1220 2154 copia
1232 2095 1292 2136 uon
1305 2087 1351 2134 est

261 2176 425 2248 sacerdotis,
446 2177 591 2255 delegatur
611 2177 646 2235 ad
667 2177 888 2257 baptizandum
909 2177 959 2236 vix
979 2179 1057 2239 euim
1077 2179 1200 2238 animam
1214 2175 1351 2236 mundam

149 2288 151 2292 '
261 2277 433 2336 servabitad
447 2286 553 2336 tantum
566 2296 681 2337 munus.
724 2279 758 2337 Si
777 2279 863 2356 igitur
882 2277 1016 2337 sacerdos
1030 2278 1146 2338 nonnisi
1158 2283 1351 2354 postmeuses

261 2377 370 2451 aliquot
388 2386 434 2441 est
450 2395 626 2446 reversurus,
653 2395 713 2436 uou
734 2376 799 2438 ideo
818 2377 915 2437 licebit
940 2378 1063 2438 infantes
1083 2378 1133 2451 qui
1155 2377 1267 2436 interim
1287 2391 1350 2432 uas·

261 2487 372 2545 cuntur,
386 2477 532 2555 baptizare
547 2477 654 2550 absque
668 2476 840 2545 discrimine,
862 2475 914 2534 sed
931 2495 981 2534 eos
995 2485 1103 2535 tantum
1118 2476 1167 2548 qui
1181 2476 1211 2533 iu
1222 2473 1350 2552 periculo

260 2584 418 2635 versantur.
446 2573 540 2634 ldem
554 2592 707 2632 censemus
720 2573 883 2642 dicendum,
897 2574 1009 2633 etiamsi
1023 2573 1101 2632 nulla
1113 2573 1187 2632 sacri
1201 2573 1351 2632 ministerii

261 2675 290 2733 in
315 2681 462 2750 posterum
489 2670 622 2748 affulgeat
640 2689 726 2748 spes,
746 2688 800 2729 nec
825 2671 903 2730 enim
926 2670 986 2729 ullo
1012 2671 1183 2729 documento
1209 2670 1351 2730 Ecclesia

259 2770 421 2837 didicimus,
448 2769 552 2828 laicum
576 2787 663 2846 posse
689 2768 818 2848 deputari
849 2769 885 2828 ad
916 2767 1118 2846 baptizandum
1143 2777 1224 2828 extra
1249 2770 1349 2828 mortis

259 2868 430 2948 periculum.
472 2868 531 2926 Sed
545 2886 603 2944 quo
616 2869 709 2928 minor
727 2877 771 2926 est
789 2887 857 2947 spes
878 2868 1032 2928 sacerdotis
1046 2869 1203 2938 adventuri,
1218 2877 1351 2946 putamus

260 2971 357 3030 miuus
367 2967 526 3046 periculum
540 2968 671 3028 sufficere
690 2977 723 3027 ut
732 2969 824 3028 laicus
836 2969 979 3046 baptizet:
1000 2987 1054 3030 nec
1067 2967 1274 3047 expectandam
1287 2985 1352 3026 esse

260 3071 359 3131 mortis
373 3068 491 3136 horam;
512 3067 564 3126 sed
583 3069 608 3127 si
629 3069 744 3128 morbus
758 3068 918 3147 periculum
932 3070 1032 3128 mortis
1046 3067 1156 3137 afferat,
1176 3067 1351 3147 baptismum

260 3168 489 3230 ministrandum.
545 3167 665 3227 “Licite
691 3167 818 3236 autem‚'’
840 3169 933 3241 inquit
959 3169 991 3226 S.
1017 3167 1196 3247 Alphonsus,
1223 3167 1350 3238 “nequit

261 3269 418 3346 baptismus
444 3266 597 3325 ministrari
623 3267 658 3324 ab
685 3267 751 3336 alio,
778 3285 901 3342 quama
927 3267 1072 3326 sacerdote
1096 3277 1178 3325 extra
1203 3265 1351 3324 articulum

260 3367 369 3435 mortis,
393 3374 424 3422 ut
445 3363 485 3422 D.
510 3365 640 3424 Thomas
661 3363 738 3424 dicit.
760 3385 810 3440 qu.
832 3371 870 3426 67
885 3371 1000 3426 art2et
1013 3371 1042 3425 3.
1056 3364 1146 3425 erc.
1162 3364 1292 3432 Constat,
1313 3363 1349 3422 de

260 3484 389 3527 consecr.
404 3464 443 3523 D.
458 3469 487 3522 4.
503 3466 551 3524 ubi
565 3465 597 3524 S.
619 3463 745 3523 Isidorus
760 3467 814 3522 ait:
836 3463 977 3523 ‘Constat
988 3466 1130 3542 baptisma
1143 3484 1160 3523 a
1173 3464 1242 3522 solis
1257 3481 1349 3522 sacer·

261 3565 374 3623 dotibus
397 3581 462 3621 esse
482 3561 675 3620 tractandum:
697 3562 827 3640 ejusdem
848 3564 1035 3624 ministerium
1056 3583 1109 3623 uec
1129 3564 1201 3641 ipsis
1223 3562 1351 3622 diaconis
1432 3615 1436 3617 ,

261 3662 378 3740 explere
399 3668 443 3718 est
460 3659 570 3718 licitum
584 3659 691 3732 absque
704 3661 841 3739 episcopo
854 3661 900 3720 vel
913 3663 1099 3742 presbytero;
1120 3662 1234 3720 nisibis
1248 3660 1349 3740 procul

260 3759 434 3827 absentibus,
448 3756 547 3818 ultima
559 3759 705 3836 languoris
718 3762 875 3819 necessitas
888 3771 981 3840 cogat.
1025 3761 1111 3830 Quod
1124 3772 1153 3820 et
1165 3761 1246 3820 laicis
1260 3761 1350 3820 fideli·

260 3864 314 3922 bus
327 3860 494 3939 plerumque
514 3857 693 3936 permittitur,
714 3877 750 3917 ue
772 3860 924 3933 quisquam
945 3860 1007 3920 sine
1028 3860 1156 3921 remedio
1177 3861 1293 3920 salutari
1314 3860 1349 3918 de

262 3961 366 4022 saeoulo
378 3957 534 4019 evocetur!
576 3958 669 4018 uasa
690 3958 775 4036 igitur
795 3959 895 4018 mortis
916 3960 1073 4029 articulum,
1094 3962 1156 4021 sive
1177 3961 1348 4039 periculum,

262 4073 293 4122 ut
312 4070 388 4122 recte
408 4059 506 4120 dicunt
526 4057 778 4141 salmanticenses,
799 4058 835 4118 de
857 4057 940 4138 Bapt.
955 4079 981 4118 c.
997 4064 1026 4118 4.
1040 4079 1070 4120 ιι.
1088 4064 1135 4121 16.
1150 4079 1217 4121 oum
1230 4061 1305 4128 aliis,
1320 4060 1349 4118 in

496 4228 539 4293 (l)
557 4225 592 4275 iii.
602 4241 627 4290 p.
638 4241 680 4288 qu.
691 4225 758 4275 lxvii.
770 4233 807 4276 art
824 4227 856 4276 iv.

437 4356 439 4364 .
486 4314 539 4378 (2)
558 4309 623 4382 Lrii.
635 4317 718 4360 corrue
729 4327 767 4376 ep.
780 4311 943 4362 Parmeniaui.

499 4400 542 4464 (3)
561 4397 591 4446 ln
602 4412 664 4462 resp.
675 4396 707 4447 ad
717 4398 828 4448 consulta
838 4397 1001 4460 Bulgarorum
1012 4414 1064 4464 cap.
1075 4398 1120 4450 cir.

497 4483 539 4546 (4)
559 4481 633 4546 Apud
644 4482 671 4531 8.
679 4481 809 4544 'rhomam
821 4483 866 4536 ubi
876 4499 956 4552 supro
966 4483 996 4534 ed
1016 4487 1038 4532 l.
