3172 5172
254 532 293 587 80
444 527 500 587 DE
522 525 813 588 EUCHARISTIA
832 527 1141 590 MINISTRAN-DA.

253 693 446 753 confitendum
471 695 600 753 accessit.
643 694 701 761 Qui
726 697 900 755 concubinas
926 695 1004 755 domi
1029 696 1152 754 retinere
1175 705 1338 761 noscuntur,

253 804 319 852 sunt
333 794 499 871 repellendi,
514 813 573 852 uon
586 795 663 852 enirn
674 794 792 872 publioae
802 795 953 863 honestati,
965 805 1011 854 aut
1024 795 1107 854 saluti
1120 814 1178 854 suae
1192 795 1260 854 satis
1274 813 1340 852 eon-

252 894 358 961 sulunt,
374 893 579 953 consuetudine
605 893 741 970 peccandi
761 893 928 965 deserenda,
943 895 999 954 nisi
1025 895 1207 954 occasionem
1229 893 1338 954 tollant.

253 993 311 1060 Qui
325 1012 426 1052 usuras
447 1013 578 1052 enormes
598 1004 805 1053 consueverunt
824 996 950 1071 exigere,
965 1003 1061 1054 contra
1079 994 1152 1073 legis
1172 995 1299 1060 vetitum,
1314 1002 1343 1050 et

252 1093 330 1152 nulla
354 1092 527 1170 suffragante
554 1113 649 1162 causa,
670 1104 846 1153 sacramento
865 1095 975 1172 indigni
1001 1093 1150 1154 manifesto
1179 1104 1261 1152 sunt:
1289 1090 1340 1149 sed

254 1212 341 1266 quum
355 1193 390 1251 ob
405 1204 564 1268 temporum
577 1193 766 1251 recentiorum
777 1193 1005 1261 consuetudines,
1015 1201 1046 1264 et
1054 1195 1182 1252 locorum
1196 1189 1340 1263 inquibus

252 1310 397 1351 versamur
410 1290 550 1369 adjuncta,
562 1295 681 1364 quaestio
695 1292 730 1350 de
740 1294 835 1351 usuris
848 1294 983 1370 legitimis
997 1293 1034 1350 sit
1046 1294 1171 1352 maxime
1185 1291 1338 1369 implicata,

251 1409 309 1450 non
335 1401 379 1448 est
399 1390 480 1449 sacile
508 1392 688 1469 repellendus
715 1393 764 1465 qui
787 1394 892 1470 praevia
917 1393 1096 1452 confessione
1118 1391 1236 1460 accedit,
1250 1408 1340 1462 quum

251 1489 411 1549 censendus
425 1491 463 1548 sit
475 1493 643 1550 confessarii
657 1492 770 1550 stetisse
789 1493 917 1569 judicio:
939 1502 968 1551 et
979 1492 1111 1551 sacerdos
1126 1490 1339 1550 Euclraristiam

252 1589 415 1648 ministrans
429 1589 642 1668 dispensatoris,
657 1592 751 1668 potius
766 1610 851 1664 quam
860 1591 976 1669 judicis,
988 1610 1104 1651 munere
1118 1591 1260 1668 fungatur.
1284 1588 1341 1655 Qui

150 1765 152 1772 X
252 1691 338 1766 magi,
354 1688 399 1747 vel
418 1691 546 1768 sortilegi
567 1690 661 1767 palam
684 1701 850 1760 noscuntur,
864 1692 910 1749 vel
930 1691 1046 1760 fatidici,
1060 1693 1159 1764 utique
1185 1687 1340 1767 repellendi

158 1790 164 1795 '
252 1801 328 1858 suut,
350 1808 438 1862 quum
465 1791 503 1848 sit
528 1791 591 1847 vitae
618 1809 718 1866 genus,
740 1790 817 1862 quod
843 1790 920 1849 nulla
945 1791 1016 1852 ratio
1041 1792 1227 1850 cohonestare
1253 1788 1337 1846 valet.

253 1887 430 1964 Blasphemi,
445 1890 494 1962 qui
509 1888 618 1948 Christi
632 1888 750 1948 Domini
764 1887 866 1947 divinae
887 1890 1052 1948 auctoritati
1062 1900 1091 1948 et
1103 1889 1171 1948 fidei
1191 1887 1337 1964 mysteriis

251 1988 365 2063 publice
392 1987 583 2057 detraxerunt,
605 1989 720 2048 nonnisi
745 1988 862 2046 humilis
883 2007 916 2046 ac
938 1989 1101 2064 poenitentis
1123 1989 1210 2046 animi
1234 1984 1340 2045 indicia

253 2087 476 2162 praeseferentes,
490 2086 556 2148 sunt
569 2077 749 2147 admittendi:
771 2086 823 2145 sed
843 2087 954 2160 quoties
974 2089 1096 2148 exterior
1116 2085 1242 2164 corporis
1262 2102 1340 2175 com7

252 2186 358 2262 positio
379 2186 510 2269 animum
533 2187 645 2245 denotat
669 2187 817 2256 humilem,
832 2195 926 2264 potest
951 2186 1048 2247 haberi
1070 2187 1156 2246 veluti
1181 2184 1340 2244 retractatio

209 2350 212 2361 s
253 2303 351 2343 eorum
367 2303 429 2358 quae
444 2287 508 2358 quis
521 2289 728 2345 contumeliose
747 2287 872 2363 protulit.
914 2287 973 2346 Alii
993 2287 1100 2364 publici
1113 2294 1276 2363 peccatores
1290 2285 1341 2356 qui

252 2385 407 2461 presulum
434 2387 709 2446 suorumresistunt
730 2387 863 2464 legitimae
893 2389 1060 2456 auctoritati,
1080 2387 1133 2444 'vel
1165 2404 1230 2444 cum
1263 2385 1341 2460 gravi

253 2484 412 2543 offensione
426 2484 552 2544 fidelium
567 2486 640 2544 male
654 2505 685 2544 se
699 2496 809 2564 gerunt,
821 2483 932 2564 indigni
945 2499 1011 2545 sunt
1021 2488 1071 2560 qui
1081 2485 1115 2544 ed
1130 2481 1342 2545 Eucharistiam

253 2585 445 2661 excipiantur:
460 2594 592 2642 caeterum
608 2585 844 2657 quandocumque
858 2586 928 2642 ratio
941 2586 1054 2660 agendi,
1063 2586 1116 2642 etsi
1130 2585 1238 2658 iniqua,
1249 2582 1342 2658 possit

252 2684 401 2740 extenuari
412 2700 452 2764 ex
465 2684 568 2742 mentis
583 2701 687 2752 errore,
702 2682 746 2740 vel
761 2684 855 2755 aliqua
867 2684 923 2740 alia
935 2684 1052 2752 ratione,
1067 2691 1182 2760 prestat
1194 2682 1340 2740 neminem

253 2779 434 2840 accedentem
459 2781 606 2856 repellere,
630 2781 682 2839 sed
708 2781 765 2839 Dei
791 2791 820 2839 et
844 2781 1010 2840 confessarii
1036 2783 1203 2856 relinquere·
1218 2779 1338 2858 judicio.

253 2879 366 2938 Occulti
380 2889 542 2955 peccatores
552 2898 650 2939 omues
661 2890 813 2939 censentur
823 2899 943 2953 quorum
953 2881 1071 2941 crimina
1084 2901 1143 2941 non
1157 2882 1341 2941 innotuerunt

252 2981 280 3039 in
291 2977 415 3057 judicio,
429 2979 475 3037 rel
488 2979 562 3056 apud
576 2981 729 3057 plerosque
750 3000 808 3040 nou
822 2990 888 3041 sunt
900 2976 1054 3060 divulgata,
1068 3001 1105 3041 ex
1124 3000 1155 3041 re
1175 2980 1246 3040 adeo
1263 2989 1339 3047 uota,

252 3079 373 3139 utnulla
385 3081 480 3156 possit
492 3081 722 3158 tergiversatione
736 3083 830 3148 celari.

292 3183 341 3238 38.
376 3181 433 3248 Qui
460 3182 534 3239 bona
554 3181 677 3258 gaudent
695 3183 780 3251 sama,
809 3190 949 3240 ettamen
972 3182 1078 3241 larvam
1099 3189 1206 3240 tantum
1227 3179 1338 3257 pietatis

252 3289 362 3356 gerunt,
391 3281 467 3338 intus
492 3281 855 3351 inhonesti,'sraudulenti‚
883 3291 911 3339 et
942 3282 1104 3350 mendaces,
1131 3291 1190 3342 uon
1220 3265 1341 3358 possunt

251 3380 436 3455 pretermitti,
455 3398 520 3438 nam
536 3387 611 3441 “uec
633 3381 767 3441 Christus
787 3381 892 3440 ludam
915 3401 931 3439 a
952 3383 1153 3442 communione
1172 3375 1339 3438 removit.”¹

253 3478 360 3544 “Quia
373 3477 540 3547 Christus‚”
555 3483 595 3538 uti
616 3482 815 3542 animadvertit
828 3483 859 3538 S.
876 3481 1017 3548 Thomas,
1033 3482 1145 3540 “nobis
1158 3479 1257 3536 debuit
1275 3495 1340 3534 esse

252 3578 416 3652 exemplum
428 3579 553 3654 justitie,
568 3598 627 3638 non
646 3579 832 3639 conveniebat
851 3579 914 3655 ejus
928 3580 1100 3655 magisterio,
1115 3588 1146 3636 ut
1163 3575 1270 3635 ludam
1292 3595 1339 3635 oc-

252 3673 356 3731 cultum
371 3686 559 3750 peccatorem,
569 3679 631 3734 sine
645 3689 807 3736 accusatore
815 3686 843 3734 et
855 3677 978 3735 evidenti
987 3678 1162 3754 probatione,
1172 3675 1207 3733 ab
1220 3675 1340 3733 aliorum
1367 3669 1370 3674 ’

252 3773 454 3832 communione
481 3786 634 3850 separaret,
661 3795 697 3835 ue
722 3795 773 3853 per
797 3776 853 3834 hoc
878 3775 992 3834 daretur
1017 3778 1182 3854 exemplum
1214 3775 1339 3852 praelatis

253 3872 392 3932 Ecclesiae
413 3873 518 3931 similia
538 3874 671 3942 faciendi,
687 3886 714 3933 et
734 3877 796 3952 ipse
816 3874 907 3932 Judas
927 3884 1111 3952 exasperatus
1125 3875 1191 3934 inde
1217 3884 1341 3935 sumeret

253 3974 433 4035 occasionem
448 3973 593 4050 peccandi.
636 3974 677 4032 Et
690 3974 754 4033 ideo
769 3974 920 4033 dicendum
935 3985 988 4044 est,
1003 3974 1082 4049 quod
1094 3976 1112 4034 J
1115 3974 1184 4035 udas
1197 3995 1263 4035 cum
1277 3975 1339 4034 aliis

251 4073 400 4152 discipulis
412 4081 519 4150 corpus
527 4073 647 4132 Domini
657 4087 686 4132 et
698 4074 867 4152 sanguinem
881 4069 1055 4152 suscepit.”²
1074 4074 1219 4151 Equidem
1233 4093 1338 4152 magna

252 4174 326 4233 soret
337 4194 432 4234 rerum
445 4174 586 4242 confusio,
608 4193 673 4234 cum
691 4176 770 4252 pacis
784 4175 952 4252 pietatisque
973 4174 1153 4245 detrimento,
1168 4176 1193 4235 si
1206 4171 1337 4232 sacerdos

524 4414 566 4479 (l)
587 4413 648 4477 Gap.
660 4412 689 4462 Si
699 4412 816 4472 sacerdos,
827 4411 857 4463 de
868 4411 1007 4482 qffiiojud.
1018 4412 1070 4464 ord.

526 4501 569 4566 (2)
588 4498 622 4548 iii.
635 4515 658 4566 p.
670 4515 711 4562 qu.
723 4499 800 4549 lxxxi.
812 4505 855 4548 art.
867 4499 892 4550 ii.
927 4497 1002 4566 Κεφ.
