3144 5192
258 521 319 580 206
490 515 547 576 DE
569 513 745 575 GASUUM
766 513 1109 576 Rusuuvnt‘tottu.

259 687 322 748 licre
335 691 511 743 reservatos:
527 700 585 742 vox
598 690 692 740 eutem
706 681 798 741 etiam
810 698 846 741 eo
858 681 915 741 loci
936 681 1072 751 adhibita,
1085 700 1123 742 cx
1142 683 1349 744 consuetudine

259 797 288 846 et
300 783 388 861 stylo,
402 800 460 843 non
473 791 604 841 censetur
614 799 678 840 eam
688 782 884 841 extensionem
897 774 1079 858 importare.¹

298 888 367 945 175.
388 883 515 943 Possunt
534 881 674 959 episcopi,
695 896 733 940 ert
753 881 955 958 plerorumque
981 877 1131 948 sententia,
1154 879 1347 939 sacerdotibus

258 984 485 1060 quibuscumque
495 981 655 1040 facultatem
669 979 832 1040 absolvendi
842 1000 859 1039 a
871 980 984 1039 casibus
997 979 1116 1039 occultis
1131 976 1272 1056 delegare,
1282 980 1349 1052 quia

255 1087 318 1164 jam
331 1083 449 1143 inhaeret
461 1081 592 1159 episcopi
612 1080 740 1138 muneri:
757 1089 786 1138 et
798 1078 960 1139 sacerdotes
980 1080 1082 1153 quibus
1100 1079 1139 1137 ita
1151 1079 1347 1147 committitur,

259 1184 397 1244 habentur
416 1177 549 1254 tanquam
574 1179 736 1255 specialiter
756 1179 891 1256 deputati.
933 1178 1061 1256 Speciali
1085 1179 1140 1238 hac
1164 1178 1347 1254 deputatione

259 1282 368 1359 indiget
380 1282 443 1357 ipse
465 1280 598 1338 Vicarius
612 1279 763 1356 generalis,
777 1298 844 1338 nam
859 1287 879 1316 “
890 1287 966 1337 recte
986 1279 1026 1338 ait
1046 1277 1189 1347 Sanchez,
1209 1279 1346 1338 vicarium

259 1381 389 1459 episcopi
401 1398 460 1439 non
473 1379 576 1438 habere
596 1386 764 1456 potestatem
785 1377 952 1438 absolvendi
971 1379 1006 1436 ab
1018 1379 1065 1436 his
1079 1377 1193 1436 casibus
1208 1395 1244 1436 ex
1263 1395 1348 1454 gene·

258 1479 310 1538 reli
334 1480 538 1540 commissione
558 1479 718 1548 vicariatus,
741 1479 796 1538 nisi
816 1477 979 1556 specialiter
1001 1478 1035 1536 ab
1057 1478 1195 1555 episeopo
1218 1477 1346 1537 commit-

259 1574 379 1638 1111.”ἱ

301 1683 369 1739 176.
390 1678 547 1756 Regulares
575 1687 721 1751 nequeunt
746 1679 893 1738 absolvere
919 1679 1069 1737 acaeibus
1095 1695 1167 1750 quos
1193 1677 1345 1753 episcopus

259 1779 420 1857 specialiter
433 1779 487 1837 sibi
501 1777 665 1844 reservavit,
680 1780 741 1836 sive
762 1780 792 1838 in
813 1777 937 1855 syuodo,
951 1780 1013 1837 slve
1036 1788 1117 1836 extra
1137 1775 1291 1854 synodum,
1305 1776 1346 1834 uti

256 1889 333 1956 patet
345 1896 382 1937 ex
395 1878 480 1937 Bulla
493 1877 628 1954 Gregorii
640 1876 726 1936 XIII.
750 1878 827 1936 Cum
838 1897 856 1936 α
866 1895 963 1937 encra.
992 1877 1150 1950 Nequeunt
1159 1875 1344 1934 etiamabsol·

258 1998 325 2038 vere
339 1978 538 2038 asexcasibus
553 1997 570 2035 a
583 1975 734 2036 Clemente
747 1977 832 2037 VIII.
846 1977 1004 2046 recensitis,
1018 1977 1153 2035 nlmirum
1163 1975 1346 2052 percussione

258 2077 363 2144 cleriei,
374 2075 479 2145 duello,
494 2075 646 2134 violatione
671 2076 857 2136 immunitatis
877 2077 1086 2144 ecclesiasticae,
1100 2075 1253 2134 violatione
1271 2075 1346 2132 elau·

258 2195 332 2235 surm
346 2175 381 2233 ad
392 2175 499 2234 malum
511 2175 610 2243 finem,
620 2175 743 2235 simonia
763 2176 842 2245 reali,
857 2185 885 2234 et
904 2177 1027 2235 simonia
1049 2173 1258 2243 confidentiali3
1279 2192 1344 2232 uam

257 2276 374 2335 facultas
388 2274 481 2334 abhis
495 2274 660 2333 absolvendi
673 2292 810 2352 expresse
823 2276 1000 2354 regularibus
1014 2284 1058 2334 cst
1071 2273 1219 2350 adempta:
1235 2293 1251 2331 a
1264 2282 1345 2331 crete·

257 2377 296 2435 ris
306 2383 398 2436 autem
409 2376 523 2434 casibus
536 2375 566 2433 in
575 2376 640 2452 jure
651 2376 796 2454 episcopis
806 2377 956 2435 reservatis
967 2375 1110 2453 regulares
1120 2382 1273 2432 censentur
1281 2391 1345 2450 pro·

257 2476 379 2536 babillus
394 2475 538 2534 absolvere
552 2493 649 2552 posse.

298 2580 365 2636 177.
387 2574 529 2633 Moniales
544 2572 620 2632 haud
634 2583 775 2650 exemptae
795 2574 1035 2634 reservationibus
1049 2575 1083 2634 ab
1103 2573 1243 2650 episcopo
1263 2571 1344 2630 Iactis

256 2675 419 2752 subjacent:
435 2673 470 2730 de
490 2673 632 2748 exemptis
646 2671 813 2749 disputatur,
826 2675 1018 2751 probabilibus
1034 2675 1166 2746 utrinque
1178 2672 1342 2738 rationibus,

252 2772 349 2850 jndice
359 2771 390 2828 S.
405 2763 583 2848 Alphonso.³
606 2771 710 2828 Utrum
724 2773 817 2849 possit
829 2773 983 2851 episcopus
997 2791 1141 2832 reservare
1154 2791 1238 2830 casus
1249 2769 1343 2845 quoad

255 2873 317 2941 has,
334 2871 383 2930 ubi
394 2871 484 2948 agitur
496 2869 531 2929 de
545 2870 675 2928 clausura
682 2871 877 2942 custodienda,
890 2893 918 2932 v:
931 2894 959 2952 g:
969 2874 994 2932 si
1003 2875 1077 2932 ostio
1086 2882 1183 2950 aperto
1191 2872 1343 2946 loquantur

255 2991 320 3030 oum
334 2970 531 3037 saecularibus3
549 2970 634 3029 etiam
655 2972 685 3029 in
708 2975 931 3032 controversiam
946 2983 1071 3042 vocatur,
1093 2974 1223 3047 quamvis
1249 2981 1344 3030 custos

255 3073 292 3131 sit
305 3073 452 3141 clausura,
464 3081 609 3145 tamquam
624 3071 710 3131 Sedis
723 3074 896 3150 Apostolicoe
910 3072 1065 3150 delegatus.

297 3177 364 3233 178.
386 3173 546 3230 Absolvens
560 3191 576 3229 a
589 3174 750 3241 reservatis,
765 3173 826 3232 sive
840 3174 986 3250 episcopo,
998 3173 1059 3230 sive
1073 3170 1144 3230 Sedi
1157 3171 1341 3247 Apostolicae,

255 3281 392 3348 praetextu
409 3270 560 3348 privilegii,
575 3273 722 3330 incurrunt
734 3273 798 3349 ipso
818 3273 891 3332 sacto
911 3271 1234 3331 excommunicationem
1256 3270 1341 3346 Papae

253 3379 436 3438 reservatam,
451 3389 488 3429 ex
501 3370 620 3430 decretis
642 3372 674 3428 S.
689 3371 726 3430 0.
741 3391 816 3432 anno
831 3376 904 3430 1601
929 3381 957 3430 et
982 3375 1069 3440 1602,
1092 3371 1255 3430 auctoritate
1276 3368 1342 3427 cte-

254 3471 357 3529 mentis
371 3467 456 3528 VIII.
471 3480 500 3528 et
513 3490 588 3530 anno
605 3475 692 3530 1607.
707 3473 869 3530 auctoritate
883 3471 965 3531 Pauli
979 3470 1017 3528 V.

296 3572 362 3629 179.
385 3568 512 3627 Praelatio
533 3569 704 3646 regularium
718 3571 888 3647 permittitur
900 3589 937 3628 ex
959 3569 1118 3628 Clementis
1139 3568 1224 3628 VIII.
1239 3567 1343 3626 consti·

253 3667 372 3732 tutione,
385 3663 519 3724 undecim
532 3676 641 3726 tantum
657 3687 740 3727 casus
753 3668 808 3727 sibi
827 3689 990 3728 reservare:
1006 3689 1034 3727 v:
1049 3689 1077 3746 g:
1092 3668 1117 3726 1.
1132 3669 1304 3746 apostasiam
1325 3685 1342 3722 a

253 3764 421 3842 Religione:
437 3762 477 3821 11.
499 3774 668 3824 nocturnum
683 3787 715 3824 ac
729 3767 864 3827 furtivum
878 3788 893 3826 e
909 3771 1081 3828 monasterio
1101 3787 1269 3846 egressum:
1285 3765 1339 3824 111.

253 3864 400 3934 veneficia,
415 3865 630 3933 incantationes,
641 3875 669 3923 et
679 3867 838 3943 sortilegia:
853 3868 907 3927 IV.
922 3869 1124 3946 proprietatem
1135 3879 1233 3927 contra
1243 3877 1341 3926 votum

252 3965 435 4044 paupertatis,
450 3965 480 4024 in
499 3965 614 4023 materia
627 3966 723 4043 gravi:
738 3966 776 4024 V.
791 3966 896 4027 lurtum
911 3967 1029 4027 mortale
1042 3967 1078 4026 dc
1092 3970 1177 4027 rebus
1198 3975 1340 4026 monaste·

252 4067 296 4125 rii.
311 4067 365 4126 VI.
389 4074 537 4144 peecatum
559 4065 652 4124 carnis
673 4077 918 4127 consummatum:
934 4069 1003 4127 VII.
1021 4069 1219 4146 juramentum
1238 4067 1341 4127 salsum

253 4166 282 4224 in
299 4167 411 4244 judicio
430 4166 575 4244 legitimo:
590 4165 676 4225 VIII.
697 4169 935 4244 procurationem,
950 4167 1112 4237 consilium,
1134 4168 1180 4226 vel
1200 4167 1341 4226 auxilium

388 4397 430 4459 (l)
450 4395 477 4444 S.
491 4395 521 4445 Ο.
534 4396 731 4449 Consectari.
746 4403 849 4462 1711‚ot
860 4403 901 4453 29.
913 4401 978 4452 Nov.
993 4405 1065 4452 1712.

390 4480 432 4545 (2)
452 4479 479 4527 S.
491 4481 566 4546 Alph.
578 4482 594 4533 1.
606 4485 638 4534 vi.
650 4500 675 4534 n.
687 4486 745 4534 594.
940 4489 983 4556 (3)
1001 4485 1101 4547 Ibidem,
1111 4503 1137 4537 n.
1150 4489 1217 4560 602,Ι
