3144 5192
465 545 727 606 DE'MUNERE
749 546 1038 610 CONFESSARII.
1238 561 1296 615 229
1396 618 1402 632 ,

208 716 279 773 adiri
300 723 428 786 nequeat,
444 714 655 772 matrimonium
675 715 827 783 celebrare,
843 735 877 774 eo
898 715 976 788 quod
996 715 1062 775 finis
1081 718 1130 775 lex
1150 734 1244 777 cesset
1267 723 1298 780 in

206 814 385 880 contrarium,
399 813 529 885 quamvis
543 815 572 871 in
589 832 655 870 casu
671 814 843 889 particulari,
858 812 1134 874 censetnonuemo.²
1162 819 1295 877 Attamen

206 911 361 970 securitatis
382 931 467 969 causa
490 912 666 989 dispensatio
693 912 829 988 deinceps
856 913 1008 986 quaerenda
1034 925 1085 972 est.
1129 917 1218 975 “Ubi
1238 937 1295 976 non

205 1022 333 1088 speratur
347 1010 463 1078 fructus,
478 1011 633 1070 omittenda
647 1019 690 1067 est
707 1013 826 1092 monitio
844 1014 929 1070 etiam
948 1012 983 1070 de
997 1015 1174 1072 restitutione
1191 1015 1296 1075 facien·

205 1104 299 1167 da:”²
317 1127 383 1167 nam
416 1111 500 1168 saluti
528 1111 701 1186 poenitentis,
730 1112 825 1186 potius
858 1130 944 1185 quarn
976 1112 1142 1170 utilitatibus
1175 1114 1295 1174 aliorum

205 1207 352 1267 consulere
366 1217 477 1266 tenetur
489 1207 689 1266 confessarius.
732 1209 792 1266 Sed
805 1229 863 1268 non
872 1211 954 1268 facile
963 1209 1093 1287 judicare
1108 1209 1193 1270 debet
1206 1215 1295 1289 poeni·

205 1315 308 1365 tentem
321 1325 380 1364 non
394 1309 597 1374 restituturum,
612 1309 637 1364 si
651 1307 776 1364 monitus
790 1307 881 1367 fuerit.

242 1409 313 1462 221.
335 1405 395 1464 Ubi
407 1406 486 1473 rixae,
506 1405 634 1472 infamia,
654 1405 701 1462 vel
715 1405 848 1463 scandala
868 1406 997 1475 alierum,
1018 1409 1180 1476 imminent,
1203 1412 1297 1470 omitti

204 1504 307 1580 poterit
320 1504 451 1572 monitio,
466 1522 532 1562 nam
546 1512 662 1579 peccata
675 1503 805 1562 formalia
815 1503 934 1562 aliorum
948 1505 1062 1564 vitanda
1075 1516 1141 1564 sunt
1154 1526 1211 1583 prae
1225 1529 1293 1586 pec-

205 1610 269 1660 cato
283 1602 418 1660 materiali
432 1603 603 1678 poeniteutis.
646 1597 800 1678 Excipitur
813 1611 907 1661 tamen
928 1605 953 1662 si
974 1623 1051 1663 error
1064 1607 1140 1664 bono
1153 1611 1299 1667 communi

206 1699 378 1768 adversetur,
393 1720 459 1758 nam
469 1697 660 1760 confessarius
675 1711 818 1774 tamquam
828 1703 990 1777 reipublicae
1002 1723 1066 1780 pars
1081 1706 1209 1762 omnium
1225 1708 1301 1765 utili-

207 1807 291 1857 tatem
307 1799 391 1858 unius
405 1801 557 1858 commodo
571 1799 708 1858 anteferre
723 1799 813 1858 debet.
857 1801 935 1858 Hinc
949 1801 1090 1878 parochus
1106 1805 1207 1877 quiex
1222 1807 1301 1882 igno-

206 1899 295 1956 rantia
308 1917 416 1956 errores
431 1899 523 1967 tradit,
539 1893 698 1958 monendus
710 1910 769 1957 est:
785 1901 862 1957 sicut
871 1910 900 1957 et
909 1901 956 1958 ille
966 1903 1015 1974 qui
1029 1919 1059 1958 se
1071 1905 1144 1978 gerit
1157 1914 1301 1975 tamquam

206 1996 394 2066 sacerdotem,
416 2017 505 2071 quum
527 1999 579 2057 rite
600 2017 658 2055 non
679 1998 763 2056 fuerit
783 1997 939 2057 ordinatus
982 2001 1124 2059 Menendi
1138 2010 1204 2059 sunt
1214 2002 1300 2060 etiam

206 2096 367 2173 reipublicae
390 2107 525 2166 rectores,
550 2097 682 2174 episcopi
702 2096 806 2170 aliique
828 2099 888 2156 suis
910 2117 1058 2174 perperam
1073 2101 1224 2176 fungentes
1240 2119 1301 2158 mu·

207 2196 321 2254 neribus
347 2214 413 2254 cunr
434 2197 540 2254 civium
560 2197 607 2254 vel
628 2196 774 2273 religionis
797 2197 979 2256 detrimento.
1023 2198 1164 2258 Monendi
1185 2217 1300 2272 quoque

209 2295 259 2368 qui
272 2303 447 2352 sacramenta
467 2294 655 2366 frequentant,
677 2314 766 2367 quum
788 2315 886 2354 eorum
909 2297 1035 2353 actiones
1056 2299 1166 2356 caeteris
1180 2299 1237 2355 sint
1250 2317 1300 2356 ex·

210 2391 306 2469 emplo
319 2403 347 2450 et
358 2411 476 2459 normae,
498 2401 517 2428 ‘⁶
527 2413 593 2451 cum
607 2394 671 2466 quis
685 2396 833 2452 arbitretur
853 2413 887 2451 ea
900 2395 954 2451 sibi
967 2395 1063 2463 licere,
1078 2413 1140 2466 quaa
1155 2395 1188 2451 ab
1202 2396 1238 2452 iis
1252 2397 1301 2468 qui

210 2490 355 2551 Ecclesiae
369 2505 544 2550 sacramenta
563 2492 752 2566 frequentant,
773 2493 890 2570 impune
911 2494 1038 2550 exerceri
1064 2493 1299 2551 animadvertit:’'

210 2590 251 2648 uti
265 2591 337 2648 bene
347 2599 424 2650 notat
438 2590 614 2650 Benedictus
628 2587 729 2649 Χ111.3

249 2695 319 2748 222.
341 2690 374 2748 Si
388 2691 529 2768 poeuitens
549 2692 714 2767 interroget,
735 2692 839 2748 veritas
854 2689 1004 2769 pandenda
1024 2699 1076 2758 est,
1102 2709 1168 2750 nam
1182 2693 1244 2769 ejus
1258 2694 1301 2771 ig·

210 2789 337 2847 notantia
350 2789 524 2848 invincibilis
542 2789 640 2847 haberi
654 2791 764 2862 nequit,
785 2789 853 2848 dum
867 2791 992 2848 dubitat:
1015 2799 1138 2849 attamen
1158 2791 1301 2850 confessa·

209 2888 268 2946 rius
288 2888 361 2945 ultra
381 2889 499 2960 quesita
519 2887 652 2965 progredi
672 2907 729 2946 non
751 2897 870 2957 tenetur,
893 2890 919 2946 si
939 2889 1091 2964 prevideat
1113 2892 1301 2952 monitionem

210 2985 288 3044 haud
301 2986 496 3060 profuturam(
528 2987 578 3044 Sic
598 2986 633 3045 de
647 3005 733 3046 usura
751 2987 860 3044 enormi
880 2987 1031 3060 aliquando
1045 2989 1199 3066 interrogat
1211 2993 1303 3065 poeni-
1333 3069 1334 3072 Ἴ

211 3093 285 3151 tens,
300 3084 348 3154 qui
362 3083 396 3142 de
411 3103 445 3142 ea
458 3101 520 3156 quae
534 3085 597 3162 lege
611 3087 780 3162 permittitur
791 3084 868 3144 nulle
881 3086 991 3161 angitur
1004 3086 1149 3162 scrupulo,
1163 3091 1302 3159 quamvis

213 3183 309 3240 forsan
322 3181 394 3240 desit
407 3184 516 3241 titulus.

260 3283 331 3338 223.
365 3282 398 3340 si
424 3282 563 3358 poenitens
589 3284 719 3343 videatur
751 3285 829 3344 brevi
862 3285 1106 3360 obtemperaturus
1141 3286 1301 3354 monitioni,

213 3380 343 3453 quamvis
357 3380 438 3440 initio
451 3383 573 3450 resistat,
588 3384 755 3461 plerumque
770 3383 928 3442 monendus
951 3392 1003 3451 est,
1026 3385 1182 3458 praesertim
1198 3387 1304 3445 sicum

213 3479 332 3538 aliomm
352 3479 497 3548 scandalo,
518 3481 564 3540 vel
584 3485 627 3541 sui
642 3483 779 3558 periculo,
800 3484 829 3540 in
850 3493 967 3558 peccato
988 3483 1126 3541 materiali
1140 3493 1247 3562 pergat,
1262 3485 1304 3544 uti

212 3579 324 3652 quando
337 3579 563 3640 “dissimulante
578 3582 764 3649 confessario,
779 3591 911 3658 peccator
925 3582 953 3639 in
968 3600 1056 3658 pravo
1069 3600 1155 3659 opere
1169 3584 1303 3644 obfirma·

211 3687 287 3736 retur
300 3697 365 3737 cum
378 3678 512 3738 scandalo
526 3681 664 3749 aliomm;
686 3681 731 3738 vel
751 3681 864 3753 quando
886 3683 950 3756 quis
971 3681 1006 3738 in
1021 3683 1153 3758 proxima
1166 3685 1304 3760 peccandi

213 3778 363 3836 occasione
377 3787 513 3848 versatur,
536 3781 582 3838 siu
603 3781 698 3838 minus
721 3781 750 3838 in
771 3781 895 3838 externis
917 3781 1035 3849 actibus,
1050 3783 1150 3841 saltem
1165 3785 1193 3841 in
1208 3785 1303 3861 pravis

215 3873 412 3949 cupidltatibus
427 3881 595 3938 nemorosis
609 3879 844 3939 delectationibus
859 3881 990 3938 assentiri
1003 3879 1200 3939 consuevit.”⁴

253 3974 324 4030 224.
352 3972 474 4039 Quando
495 3977 686 4036 confessarius
707 3977 814 4036 dubitet
833 3988 927 4036 utrum
948 3979 1067 4038 monitio
1090 3976 1235 4054 profutura
1256 3978 1302 4044 sit,

215 4069 297 4129 debet
311 4088 375 4129 eam
387 4070 489 4142 facere,
510 4076 567 4136 nisi
580 4077 677 4136 timeat
690 4077 826 4136 damnum
841 4077 907 4135 inde
921 4077 1068 4134 oriturum.
1112 4077 1144 4132 Si
1158 4087 1253 4132 autem
1267 4073 1303 4132 de

317 4291 361 4356 (¹)
380 4288 410 4338 1¹·
421 4290 454 4340 Vl·
464 4306 490 4343 n·
502 4294 559 4342 61³·
822 4295 865 4360 (2)
884 4293 984 4352 Ibidem,
995 4308 1020 4342 n.
1034 4293 1091 4340 614.

318 4375 361 4441 (3)
381 4373 457 4424 Bulla
469 4375 617 4444 Apostolica,
629 4379 661 4427 26
673 4377 743 4428 erii
757 4379 830 4427 1749.
841 4379 868 4426 in
880 4376 947 4425 Bull.
958 4382 975 4423 t.
987 4375 1020 4424 iii.
1032 4390 1055 4440 p.
1066 4378 1106 4425 82.
1121 4378 1143 4434 ς.
1158 4378 1197 4424 10.

316 4459 359 4526 (4)
378 4457 480 4510 Ibidem.
868 4469 869 4472 ¹

254 4554 331 4615 Vou.
347 4555 482 4616 ltu-ar
