3172 5172
253 535 310 592 130
527 526 584 588 DE
605 525 800 588 MATERIA
819 526 878 586 ET
899 525 1055 588 FORMA.

249 698 335 758 turin
348 696 450 755 virtute
463 693 569 764 divina,
589 694 664 753 sicut
683 695 768 753 etism
789 693 820 753 in
839 693 904 754 aliis
924 695 1118 770 sacramentis.
1161 695 1239 757 Nam
1253 701 1340 760 virtus

248 796 346 856 divina
358 805 412 864 est,
427 813 490 868 quae
504 795 622 852 interius
637 802 769 870 operabar
781 792 812 851 in
825 793 958 852 omnibus
972 783 1225 856 sacramentalibus
1239 799 1339 876 signis,

248 897 309 955 sive
331 897 390 955 sint
408 913 464 962 res,
486 895 547 951 sive
568 893 661 951 verba.
678 933 686 950 .
703 933 710 949 .
726 934 734 951 .
749 893 825 959 Quia
844 902 938 952 tamen
959 894 1095 952 sacerdos
1115 895 1191 954 sicut
1211 898 1340 957 minister

249 995 379 1062 absolvit,
393 992 592 1052 convenienter
605 992 757 1069 apponitur
776 990 883 1064 aliquid
904 991 983 1065 quod
1003 995 1142 1070 pertineat
1161 994 1196 1052 ad
1215 997 1338 1074 primam

249 1095 440 1153 auctoritatem
464 1091 529 1159 Dei,
550 1091 658 1148 scilicet
679 1101 710 1148 ut
730 1090 848 1158 dicatur,
871 1089 1004 1169 ‘Egote
1017 1090 1148 1160 absolm,
1169 1093 1338 1156 innomine

249 1193 368 1260 Petris,
388 1199 416 1250 et
434 1187 521 1258 Filii,
542 1197 571 1249 et
593 1187 728 1268 Spiritus
752 1187 888 1250 Sanetir’
909 1192 957 1250 vel
978 1208 1031 1268 per
1043 1193 1173 1250 virtutem
1192 1194 1336 1270 passionis

249 1285 408 1350 Ohrtsn.”¹
449 1287 555 1348 “Cum
569 1289 656 1346 dicit:
677 1288 743 1364 Ego
756 1297 783 1346 te
797 1288 925 1358 absolvo,
946 1289 1070 1348 ostendit
1092 1289 1239 1352 hominem
1252 1294 1333 1351 abso·

249 1389 350 1458 lutum,
377 1408 435 1447 non
456 1389 549 1447 solum
572 1387 771 1466 significative,
791 1387 844 1446 sed
869 1389 954 1448 etiam
975 1389 1115 1450 effective.
1157 1391 1222 1450 Nec
1241 1400 1337 1450 tamen

248 1490 373 1562 loquitur
385 1488 466 1560 quasi
479 1487 513 1546 de
526 1506 557 1545 re
572 1488 695 1546 incerta:
717 1487 784 1560 quia
796 1488 870 1546 sicut
889 1486 943 1546 alia
965 1499 1144 1548 sacramenta
1162 1509 1243 1549 noves
1263 1491 1336 1568 legis

248 1589 353 1647 babent
376 1586 412 1644 de
432 1605 463 1644 se
489 1595 597 1646 certum
616 1585 748 1644 effectum
774 1604 811 1644 ex
836 1588 939 1646 virtute
959 1569 1102 1664 passionis
1123 1587 1236 1649 Christi
1261 1588 1338 1670 (lieet

248 1688 340 1764 possit
351 1685 485 1763 impediri
507 1705 545 1744 ex
565 1695 642 1762 parte
662 1682 837 1764 recipientis)
853 1687 891 1744 ita
910 1687 996 1746 etiam
1021 1689 1051 1746 in
1072 1689 1128 1746 hoo
1148 1699 1336 1748 sacramento.

249 1785 335 1846 Unde
348 1787 523 1863 Augustinus
537 1783 607 1843 dicit
620 1785 649 1842 in
674 1784 747 1842 libro
767 1783 802 1842 de
823 1785 987 1846 adulterinis
1008 1789 1170 1865 conjugiis:
1194 1788 1282 1847 ‘Non
1295 1799 1338 1847 est

249 1886 348 1963 turpis,
361 1905 416 1944 nec
428 1883 563 1953 difficilis,
584 1893 650 1960 post
663 1892 769 1960 patrata
789 1893 818 1942 et
836 1895 954 1962 purgata
975 1886 1121 1954 adulteria,
1141 1887 1336 1947 reconciliatio

248 1986 383 2063 conjugii,
396 1985 442 2042 ubi
459 2003 510 2061 per
521 1983 615 2042 claves
638 1983 718 2059 regni
738 1983 874 2042 coelomm
896 2003 954 2044 non
976 1984 1115 2044 dubitatur
1127 1985 1189 2044 fieri
1201 1985 1334 2045 remissio

248 2080 479 2159 peccatorum.”²

288 2184 316 2239 6.
339 2182 442 2240 Utrum
463 2182 565 2240 verba:
599 2190 644 2238 “a
668 2182 792 2256 peccatis
823 2181 899 2239 tuis''
926 2183 1086 2255 necessaria
1105 2183 1162 2241 sint
1186 2191 1217 2240 ut
1232 2183 1335 2242 ¹valeat

247 2280 347 2349 forma,
374 2281 546 2357 disceptatur
572 2280 650 2338 inter·
665 2279 829 2358 theologos;
851 2291 1109 2356 qnorumutraque
1132 2283 1272 2341 sententia
1291 2293 1336 2341 est

246 2379 416 2456 probabilis3
438 2380 489 2440 sed
504 2381 636 2439 tutiorem
656 2381 740 2452 sequi
759 2398 876 2438 necesse
897 2390 950 2448 est,
972 2399 1060 2453 quum
1081 2391 1179 2458 agatur
1190 2381 1226 2440 de
1241 2382 1334 2441 valore

248 2482 427 2538 sacramenti.
469 2481 503 2538 Si
517 2497 674 2557 pronomen
687 2486 715 2536 te
727 2479 879 2548 omittatur,
900 2479 993 2538 valere
1014 2479 1151 2538 formam:
1174 2481 1335 2540 ‘absolvoa

246 2581 370 2656 peccatis
384 2579 461 2648 tuis,'
483 2580 590 2656 plures,
611 2578 673 2636 aliie
696 2579 874 2654 negantibus,
895 2579 1045 2638 affirmant
1087 2579 1159 2646 Quae
1178 2590 1335 2651 sequnntur

247 2696 351 2736 voces:
374 2679 433 2736 “in
453 2679 569 2736 nomine
589 2677 693 2744 Patris,
715 2689 743 2734 et
762 2677 840 2745 Filii,
861 2689 889 2736 et
909 2677 1031 2756 Spiritus
1045 2676 1176 2745 Sancti,’'
1189 2677 1333 2753 plerisque

247 2795 305 2834 non
318 2775 449 2835 videntur
461 2776 644 2842 necessarise3
665 2774 716 2833 sed
736 2775 827 2834 omitti
847 2785 992 2850 nequeunt
1004 2777 1110 2848 absque
1124 2775 1218 2852 culpa,
1231 2776 1333 2834 saltem

246 2874 358 2933 veniali.

286 2979 315 3034 7.
336 2974 450 3033 Ritnale
463 2974 625 3032 Romanum
639 2973 796 3050 prescribit
809 2974 1017 3035 absolutionem
1032 2973 1154 3033 dandam
1167 2984 1234 3052 post
1247 2975 1334 3052 poeni·

245 3075 360 3134 tentiam
374 3073 558 3152 adsignatam,
569 3082 597 3131 et
609 3083 791 3150 acceptatam,
806 3074 859 3132 hac
873 3076 1016 3150 praecipue
1026 3074 1135 3132 forma:

287 3165 461 3233 “Dominus
485 3185 580 3231 noster
599 3173 684 3231 Jesus
706 3171 838 3231 Christus
852 3182 879 3230 te
899 3173 1035 3240 absolvat,
1057 3181 1086 3230 et
1104 3190 1158 3248 ego
1172 3161 1342 3233 auctoritate

244 3274 334 3350 ipsius
348 3282 375 3330 te
389 3273 504 3332 absolvo
517 3274 552 3330 ab
565 3273 644 3330 omni
658 3272 772 3331 vinculo
784 3272 1100 3340 excommunicationis,
1114 3271 1332 3351 suspensionis,

247 3372 292 3450 (si
306 3371 456 3449 penitens
480 3371 522 3430 sit
542 3369 684 3447 clericus)
704 3382 733 3429 et
753 3370 904 3440 interdicti,
925 3372 955 3430 in
977 3379 1113 3445 qnantum
1133 3390 1252 3448 possum
1266 3381 1294 3430 et
1307 3383 1335 3430 tu

247 3470 390 3548 indiges.”
425 3471 561 3530 Deinde:
583 3470 682 3548 “Ego
705 3480 731 3528 te
759 3471 875 3530 absolvo
897 3491 915 3530 a
940 3471 1063 3548 peccatis
1085 3470 1140 3528 tuis
1167 3471 1333 3530 innomine

170 3605 173 3612 ,
246 3570 339 3627 Patris
353 3579 381 3631 et
393 3570 461 3628 Filii
476 3581 504 3628 et
517 3571 642 3646 Spiritus
660 3570 768 3628 Sancti.
809 3569 937 3628 Amen.'’

284 3666 468 3726 Praemittitnr
487 3669 674 3745 plemmque:
696 3669 898 3728 “Misereatur
911 3669 951 3729 tui
964 3669 1042 3730 etc.”
1085 3666 1333 3744 “Indulgentiam,

245 3764 453 3824 absolutionem
477 3766 554 3824 etc.”
598 3765 733 3838 Sequitur
752 3770 844 3826 autem
865 3771 955 3827 oratio
978 3788 1040 3842 quae
1062 3767 1178 3844 incipit:
1201 3766 1334 3825 “Passio

248 3864 367 3925 Domini
381 3866 470 3924 nostri
482 3866 553 3924 Jesu
569 3863 680 3923 Christi
693 3863 770 3922 etc.”
813 3866 847 3925 lu
867 3868 1045 3927 brevioribus
1058 3877 1088 3926 et
1099 3866 1336 3940 frequentioribus

161 4036 163 4044 s
245 3965 471 4027 confessionibus
498 3963 559 4024 haee
586 3964 654 4023 licet
672 3965 812 4024 omittere.
855 3967 989 4027 Periculo
1009 3969 1109 4026 mortis
1132 3969 1255 4026 instante
1278 3966 1335 4025 dici

244 4075 355 4142 potest:
378 4065 476 4151 “Ego
489 4076 516 4124 te
530 4064 646 4124 absolvo
660 4064 695 4122 ab
707 4064 840 4122 omnibus
854 4068 983 4126 censuris
997 4076 1026 4126 et
1037 4067 1162 4144 peccatis
1175 4067 1205 4125 in
1217 4065 1332 4125 nomine

246 4165 340 4225 Patris
354 4165 431 4225 etc.”

283 4265 313 4323 8.
335 4265 534 4333 Communiter
547 4263 646 4324 diannt
658 4263 784 4341 theologi
799 4281 899 4324 omnes
913 4265 976 4324 illas
988 4284 1103 4342 preces,
1124 4264 1253 4341 exceptis
1273 4279 1334 4320 ver·

348 4492 390 4558 (l)
409 4491 443 4540 iii.
456 4507 480 4556 p.
492 4509 532 4556 qu.
544 4494 637 4544 lxxxiv.
649 4500 692 4544 ert.
704 4494 738 4545 iii.
749 4493 779 4544 sd
788 4497 812 4546 3.
993 4497 1035 4562 (3)
1054 4493 1156 4554 ibidem,
1166 4493 1197 4544 ad
1209 4497 1233 4542 5.
