3144 5192
508 543 710 603 CANONES
731 541 1040 602 POENITENTIAE.
1260 547 1319 603 249

233 729 315 783 aqua,
331 729 381 787 per
404 728 509 768 annum
529 729 545 767 a
561 729 641 768 sacra
661 709 875 770 Communione
895 719 1079 788 segregatus:
1102 709 1137 768 ad
1157 708 1320 768 charitatem

232 828 301 868 vero
313 811 442 869 celeriter
454 808 557 867 redeat.

273 908 305 965 Si
320 911 385 981 quis
399 927 450 986 per
468 909 604 985 capillum
623 907 690 975 Dei,
705 917 752 966 aut
772 927 823 986 per
842 916 928 984 caput
946 909 1008 984 ejus
1025 907 1171 984 juraverit,
1185 908 1210 964 si
1230 907 1320 965 semel

234 1009 364 1065 nesciens
392 1009 500 1075 fecerit,
523 1008 661 1084 poenitens
689 1026 762 1080 aqua
789 1017 818 1066 et
843 1025 916 1083 pane
944 1018 1054 1084 septem
1076 1007 1137 1065 dies
1159 1007 1275 1074 victitet,
1297 1007 1323 1062 si

233 1107 359 1165 secundo
373 1128 409 1172 ac¹
418 1108 500 1165 tertio
514 1107 638 1168 monitus
653 1106 728 1164 idem
743 1105 850 1174 secerit,
865 1107 926 1164 dies
942 1107 1119 1178 quindecim.

269 1206 302 1262 Si
320 1226 372 1282 per
390 1207 502 1274 celum,
521 1215 568 1264 aut
587 1225 638 1284 per
655 1206 738 1263 aliam
753 1205 876 1279 aliquam
896 1215 1063 1273 creatarum,
1078 1206 1139 1262 dies
1156 1206 1225 1263 item
1239 1204 1320 1277 quin·

231 1305 336 1363 decim.
962 1380 965 1385 .

272 1404 304 1462 Si
328 1406 393 1477 quis
415 1402 605 1480 blasphemat,
628 1403 725 1462 tandiu
747 1405 887 1479 poenitens
910 1405 973 1472 erit,
996 1402 1119 1477 quandiu
1138 1403 1320 1478 impoenitens

231 1504 397 1579 permansit.

273 1603 306 1659 Si
334 1605 397 1675 quis
432 1601 539 1668 Deum,
566 1601 611 1659 vel
643 1602 755 1659 beatam
789 1602 911 1659 Mariam
937 1601 1099 1678 Virginem,
1126 1602 1171 1659 vel
1198 1600 1321 1672 aliquem

233 1701 370 1759 Sanctum
392 1701 506 1778 publice
528 1700 778 1777 blasphemaverit,
794 1719 846 1776 pro
867 1700 973 1759 foribus
995 1700 1135 1759 Ecclesiae
1149 1699 1248 1758 diebus
1262 1698 1322 1756 Do·

232 1801 346 1858 minicia
358 1809 468 1876 septem
478 1801 507 1858 in
521 1800 690 1872 manifesto,
697 1799 764 1858 dum
779 1801 936 1858 Missarum
947 1800 1088 1858 solemnia
1102 1811 1231 1876 aguntur,
1243 1807 1315 1856 stet:

232 1900 390 1972 ultimoque
405 1917 442 1956 ex
462 1899 517 1957 illis
538 1899 584 1958 die
607 1901 669 1958 sine
689 1899 776 1976 pallio
796 1909 825 1957 et
845 1899 1052 1967 calceamentis,
1067 1899 1171 1976 ligetur
1190 1897 1319 1974 corrigiis

200 2037 203 2042 -
231 2000 307 2057 circa
321 2001 425 2058 collum
437 2017 444 2066 ;
467 2007 637 2075 septemque
645 1999 870 2077 praecedentibus
880 1999 957 2056 feriis
968 2000 1057 2060 sextis
1070 2001 1100 2057 in
1114 2016 1198 2073 pane,
1209 2006 1239 2055 et
1250 2015 1322 2068 aqua
1419 2073 1421 2076 Ι

228 2100 350 2176 jejunet,
365 2099 516 2157 ecclesiam
538 2098 720 2158 nullomodo
735 2107 800 2156 tune
820 2100 1011 2174 ingressurus.
1054 2098 1240 2175 Singulisque
1253 2098 1322 2155 item

232 2207 342 2275 septem
363 2197 419 2256 illis
441 2197 541 2257 diebus
563 2198 737 2266 Dominicis,
752 2207 808 2255 tres
829 2208 876 2256 aut
896 2197 978 2266 duos,
993 2209 1040 2256 aut
1059 2216 1147 2257 unum
1168 2213 1322 2274 pauperem

233 2306 340 2372 pascat,
352 2298 376 2354 si
386 2305 488 2372 potest,
499 2297 626 2370 alioquin
634 2297 688 2356 alia
696 2298 864 2374 poenitentia
873 2285 1020 2363 afficiatur,
1034 2315 1166 2355 recusans
1180 2296 1322 2354 Ecclesiae

233 2397 362 2471 ingressu
377 2395 580 2464 interdicatur3
601 2398 632 2455 in
645 2397 724 2454 obitu
745 2395 937 2454 ecclesiastica
951 2406 1043 2453 careat
1060 2395 1220 2471 sepultura;
1242 2395 1322 2453 dives

232 2515 248 2552 a
268 2495 433 2572 magistratu
454 2496 605 2554 mulctetur
625 2514 709 2573 poena
729 2495 884 2554 solidorum
906 2475 1100 2572 quadraginta,
1125 2493 1250 2566 alioquin
1276 2492 1321 2550 tri-

232 2595 318 2670 ginta,
334 2613 384 2652 seu
398 2596 508 2672 viginti.

233 2809 369 2870 Uonones
384 2817 550 2890 spectantes
567 2818 692 2889 peccota
706 2795 810 2870 conire
823 2810 947 2870 tertium
968 2809 1117 2889 Decologi
1128 2814 1321 2888 praeceptum.

271 2980 330 3047 Qui
342 2998 416 3057 opus
430 2980 547 3053 aliquod
560 2981 660 3039 servile
671 2981 717 3040 die
731 2981 886 3040 Dominico
902 2981 1046 3054 Festoque
1061 2981 1168 3048 fecerit,
1183 2983 1321 3058 poeniten·

233 3079 298 3136 tiam
313 3089 376 3155 aget
389 3088 443 3136 tres
458 3081 487 3137 in
502 3079 562 3137 dies
576 3099 650 3158 pane
664 3092 693 3138 et
706 3099 788 3154 aqua.
1223 3081 1226 3084 ’

273 3178 332 3245 Qui
346 3178 393 3236 die
413 3178 569 3238 Dominico
583 3199 655 3258 opus
676 3191 818 3239 terrenum
839 3179 958 3238 fecerit.
976 3220 982 3235 .
1000 3220 1006 3235 .
1021 3176 1082 3235 dies
1103 3161 1212 3253 septem
1232 3177 1322 3252 poeni·

233 3278 351 3336 tentiam
365 3288 438 3354 aget.

272 3377 304 3434 δί
316 3378 380 3450 quis
390 3388 455 3436 ante
463 3378 611 3447 ecclesias,
622 3378 667 3436 vel
675 3377 799 3437 diesesto
807 3378 970 3440 saltationes
978 3376 1085 3443 fecerit,
1094 3374 1322 3434 emendationem

231 3477 386 3554 pollicitus,
401 3478 595 3553 poenitentiam
610 3487 676 3555 aget
688 3480 769 3536 annis
786 3479 886 3536 tribus.

270 3576 381 3650 Siquis
403 3596 514 3636 sacram
535 3579 768 3636 communionem
789 3577 943 3653 sumpserit
956 3583 1021 3651 post
1041 3573 1164 3648 aliquam
1180 3573 1225 3631 vel
1239 3573 1322 3631 mini·
1404 3565 1405 3568 ¹

233 3696 308 3736 mam
323 3677 561 3755 degustationem,
577 3677 769 3754 poenitentiam
785 3687 849 3756 aget
861 3677 923 3735 dies
937 3674 1036 3732 decem
1050 3675 1079 3733 in
1093 3693 1167 3752 pane
1178 3684 1207 3731 et
1219 3692 1301 3746 aqua.

270 3772 315 3834 Si'
324 3778 390 3849 quis
404 3778 434 3835 in
454 3777 576 3836 ecclesia
597 3777 804 3845 confabuletur,
819 3796 885 3836 cum
903 3776 998 3834 divina
1020 3774 1101 3845 fiunt,
1116 3775 1256 3854 poenitens
1270 3773 1324 3830 erit

233 3872 294 3930 dies
309 3874 408 3932 decem
422 3876 452 3934 in
466 3895 540 3953 pane
554 3884 582 3933 et
595 3895 679 3949 aqua.

272 3970 383 4043 Siquis
400 3973 510 4050 jejunia
524 3994 540 4031 a
561 3974 666 4034 Sancta
683 3974 817 4032 Ecclesia
837 3975 943 4033 indicta
956 3971 1113 4040 violaverit,
1128 3968 1322 4048 poenitentiam

234 4079 301 4147 aget
314 4068 375 4127 dies
390 4071 489 4148 viginti
501 4074 532 4131 in
545 4092 628 4149 pane,
642 4084 670 4131 et
683 4093 766 4146 aqua.

270 4169 306 4230 In
332 4168 558 4248 quadragesima,
579 4191 663 4232 carne
689 4174 751 4232 sine
774 4171 930 4230 inevitabili
950 4168 1119 4228 necessitate
1141 4181 1270 4233 vescens,
1291 4165 1322 4223 in

230 4269 344 4328 Pascha
358 4288 418 4329 non
431 4271 630 4340 communicet,
645 4281 674 4330 at
686 4281 822 4349 preterea
832 4291 848 4329 a
858 4289 942 4329 carne
957 4267 1104 4326 abstineat.

269 4370 327 4437 Qui
340 4371 371 4428 in
386 4368 601 4446 quadragesima
610 4372 752 4449 jeJunium
764 4370 919 4436 violaverit,
934 4384 986 4444 pro
995 4383 1053 4423 uno
1067 4364 1113 4424 dic
1126 4363 1321 4441 poenitentiam

230 4481 293 4547 aget
305 4469 367 4529 dies
381 4478 502 4546 septem.
