3172 5172
422 563 479 632 nt:
498 563 613 631 Loco
632 567 678 630 ΙΝ
699 567 786 639 QUO
807 565 1106 633 OELEBRE'I'UR.
1268 577 1325 634 lull

628 1143 633 1152 ,
667 1077 810 1141 CAPUT
836 1081 891 1143 lll.

532 1296 570 1337 DE
591 1297 665 1338 Loco
685 1297 718 1338 IN
739 1298 798 1344 QUO
818 1299 1025 1340 CELEBRETUR.

276 1465 326 1521 st.
348 1459 417 1518 Non
431 1458 499 1517 licet
511 1458 634 1516 Missam
648 1457 790 1518 celebrare
803 1459 859 1518 nisi
874 1459 904 1516 in
917 1457 1037 1516 ecclesia
1050 1468 1222 1529 consecrata,
1236 1459 1283 1518 vel
1296 1460 1326 1518 in

235 1561 360 1620 oratorio
379 1557 508 1635 episcopi
529 1559 695 1616 auctoritate
714 1557 866 1616 benedicto
880 1555 903 1615 :¹
924 1565 1045 1617 attamen
1071 1557 1233 1636 indulgetur
1258 1559 1326 1618 mis·

237 1659 369 1717 sionariis
382 1666 413 1716 ut
425 1675 607 1731 quocumque
621 1657 651 1715 iu
663 1658 729 1715 loco
743 1655 855 1714 decenti
874 1657 1026 1726 eelebrent,
1041 1659 1071 1717 iu
1091 1659 1170 1716 altari
1183 1658 1324 1734 portatili:

237 1775 295 1830 qus
307 1755 435 1816 facultate
448 1757 489 1814 uti
509 1758 598 1816 vetuit
611 1755 768 1816 concilium
789 1757 997 1816 Baltimorense
1017 1757 1042 1816 I.
1065 1759 1124 1816 “in
1145 1757 1251 1816 aedibus
1270 1759 1327 1835 pri-

237 1856 321 1924 vatis,
335 1857 390 1915 nisi
412 1855 442 1915 in
456 1857 635 1925 stationibus,
650 1861 679 1914 et
697 1857 728 1914 in
741 1857 777 1914 iis
792 1855 900 1915 aedibus
915 1876 986 1931 quas
1007 1857 1175 1916 Ordinarius
1195 1855 1326 1934 designa-

234 1957 321 2023 verit;
335 1966 384 2014 sut
395 1955 474 2023 dum,
488 1965 562 2025 actu,
576 1956 723 2015 missionis
743 1957 898 2024 exercitiis,
909 1957 1009 2034 procul
1022 1958 1057 2015 ab
1077 1957 1171 2028 aliqua
1190 1954 1324 2023 ecclesia,

235 2053 303 2112 daut
327 2073 442 2132 operam
454 2047 503 2111 ;”2
521 2064 697 2134 quapropter
718 2057 748 2114 in
769 2055 896 2124 urbibus,
920 2055 977 2137 (vel
1000 2039 1139 2133 oppidis)
1165 2055 1196 2113 in
1223 2055 1325 2127 quibus

235 2163 335 2212 erectae
349 2162 416 2212 sunt
428 2153 556 2213 ecclesiae
570 2172 605 2213 ea
617 2155 755 2214 nonlicet
766 2157 817 2214 uti.
859 2155 906 2215 nd
919 2155 1043 2214 dandum
1058 2156 1193 2214 viaticum
1212 2154 1326 2214 infirmo

234 2272 297 2312 rure
308 2251 423 2329 degenti
435 2254 534 2329 procul
547 2254 582 2312 ab
596 2255 725 2324 ecclesia,
742 2255 846 2333 poterit
865 2253 1017 2328 aliquando
1031 2273 1144 2314 racrum
1163 2253 1239 2332 apud
1259 2272 1326 2314 eum

235 2351 384 2419 celebrari,
399 2350 425 2408 ri
434 2352 503 2408 alias
516 2351 551 2410 ad
564 2370 629 2410 eum
645 2353 747 2413 deferri
765 2355 866 2427 nequit
877 2345 901 2412 :³
912 2355 962 2412 sed
977 2354 1153 2413 consuetudo
1167 2352 1328 2412 celebrandi

236 2449 313 2529 apud
327 2457 459 2526 aegrotos,
473 2448 519 2507 vel
530 2450 560 2509 in
574 2450 704 2511 domibus
717 2454 765 2512 ubi
778 2452 905 2512 defuncti
917 2461 961 2510 est
973 2450 1102 2520 cadaver,
1117 2453 1163 2509 vel
1176 2453 1207 2508 in
1219 2450 1327 2509 aedibus

234 2551 318 2610 novis
331 2568 389 2609 non
411 2557 455 2608 est
473 2550 626 2626 probanda.
668 2551 753 2620 Quod
767 2554 792 2612 si
806 2552 841 2610 ad
850 2553 1002 2611 eeclesiam
1023 2551 1147 2610 difficilis
1167 2549 1205 2607 sit
1224 2549 1327 2619 aditis,

233 2650 350 2709 hiemali
364 2650 522 2727 praesertim
543 2658 682 2730 tempore,
696 2654 828 2729 episcopi
841 2653 925 2711 venia
938 2651 1089 2726 quaerenda
1102 2651 1156 2709 erit
1174 2657 1327 2722 antequam

234 2749 365 2810 sacerdos
384 2751 415 2808 in
434 2749 521 2809 domo
542 2769 594 2810 sua
613 2751 661 2810 vel
686 2752 778 2811 aliena
797 2752 930 2822 celebret,
944 2770 1007 2826 quae
1027 2750 1120 2810 danda
1144 2752 1195 2809 vix
1214 2750 1269 2808 erit
1290 2751 1328 2810 ob

234 2849 367 2908 sacrificii
379 2849 585 2919 reverentiam
600 2851 652 2910 sed
666 2853 691 2909 ri
705 2851 769 2910 data
781 2851 876 2921 suerit,
890 2851 1045 2911 curandum
1055 2861 1086 2910 ut
1097 2852 1126 2910 in
1138 2850 1203 2909 loco
1214 2850 1327 2909 decenti

235 2948 408 3008 celebretur:
432 2967 485 3008 nec
506 2951 635 3010 enimin
656 2951 749 3009 viliori
770 2950 872 3011 domus
893 2960 981 3028 parte,
996 2969 1049 3009 nec
1070 2952 1100 3008 in
1120 2947 1263 3018 cubiculo,
1277 2951 1327 3008 ubi
1389 2963 1391 2976 ·

234 3047 322 3123 aliqui
332 3047 455 3126 dormire
465 3053 685 3118 consueverunt,
696 3051 897 3110 celebrandum
907 3060 951 3107 est
963 3049 1131 3126 plerumque
1142 3047 1325 3132 sacrificium.

235 3147 281 3208 Ob
294 3149 493 3208 necessitatem
506 3149 664 3208 celebratur
683 3169 760 3226 saepe
774 3151 804 3209 in
818 3129 948 3228 tuguriis,
963 3147 1009 3206 vel
1026 3147 1099 3205 casis
1120 3145 1325 3222 operariorum,

233 3249 282 3308 ubi
301 3248 382 3307 deest
399 3247 481 3306 locus
501 3251 705 3325 opportunior:
726 3249 777 3307 sed
802 3269 875 3318 raro,
890 3258 919 3308 et
938 3231 1053 3308 nonnisi
1073 3265 1176 3324 magna
1201 3243 1326 3304 adhibita
1368 3243 1373 3250 ’

236 3348 354 3416 cautela,
364 3347 393 3406 id
408 3347 500 3408 facere
515 3347 606 3419 decet,
614 3369 651 3408 ne
665 3351 696 3408 in
709 3348 832 3408 dedecus
847 3367 991 3408 sacrorum
1002 3347 1203 3424 mysteriorum
1217 3354 1325 3423 vergat.

236 3447 269 3506 si
283 3447 377 3507 diruta
390 3447 427 3506 sit
439 3447 573 3516 ecelesia,
586 3449 655 3508 lieet
673 3459 753 3508 extra
766 3449 919 3516 celebrare,
933 3449 999 3506 etsi
1019 3446 1096 3504 nulla
1109 3447 1156 3514 sit,
1170 3445 1329 3505 celebratur

235 3549 419 3622 ubicumque,
433 3547 475 3605 uti
494 3548 524 3606 in
538 3551 649 3617 castris,
663 3549 708 3606 vel
722 3549 803 3607 litore
818 3545 931 3607 maris.⁴
951 3548 985 3606 In
999 3547 1118 3605 navibus
1130 3546 1271 3605 celebrare
1284 3555 1329 3603 est

235 3639 515 3725 prohbiitum‚⁵nisi'
533 3663 571 3704 ex
594 3649 716 3726 speciali
742 3647 829 3726 Papae
856 3648 976 3718 indulto,
1005 3666 1062 3722 quo
1082 3648 1198 3707 nonnisi
1224 3637 1328 3724 magns
1376 3703 1379 3708 .

236 3747 361 3807 adhibita
373 3747 483 3806 cautela
495 3747 537 3805 uti
551 3758 673 3824 oportet.

276 3849 326 3903 88.
346 3846 382 3904 In
403 3844 602 3906 hereticorum
616 3848 662 3906 rel
681 3847 929 3906 schismaticorum
952 3846 1084 3906 ecclesiis
1104 3847 1247 3905 celebrare
1270 3862 1329 3902 nou

235 3943 321 4002 licere
335 3955 505 4005 censuemnt
518 3945 632 4022 quidam
644 3947 772 4024 theologi
785 3946 1012 4024 congregationis
1033 3945 1208 4020 particularis
1224 3941 1327 3998 habitus

238 4041 339 4103 Romae
357 4047 387 4104 7.
409 4045 482 4125 Maji
498 4051 573 4106 1631
588 4041 611 4104 :¹
624 4046 743 4106 indulsit
755 4055 851 4105 tamen
872 4046 1010 4104 Clemens
1030 4043 1085 4101 XI.
1100 4051 1131 4100 ut
1149 4044 1180 4100 in
1201 4037 1328 4097 ecclesiis

234 4143 438 4206 catholicorum
459 4145 570 4208 Rhetiae
591 4147 625 4206 ab
644 4145 784 4204 haereticis
805 4145 950 4222 occupatis
977 4135 1152 4203 missionarii
1172 4136 1327 4211 aliquando
1358 4219 1364 4229 Ι

271 4369 315 4435 (1)
335 4367 471 4434 Gapsm.
482 4369 629 4420 deconsecr.
837 4366 881 4432 (2)
901 4361 964 4413 Gau.
975 4361 1045 4412 xxiii.

272 4451 324 4520 (3),
335 4451 417 4516 (long.
425 4453 457 4503 de
467 4451 497 4503 P.
508 4452 538 4503 F.
548 4455 579 4506 14
590 4453 651 4504 Dec.
662 4453 735 4501 1666.
836 4450 880 4516 (4)
899 4446 998 4508 Ibidem,
1010 4448 1043 4496 29
1054 4445 1111 4496 Jan.
1125 4447 1197 4496 1667.

272 4538 316 4604 (5)
335 4538 412 4605 Apud
423 4538 565 4606 Philippum
576 4539 608 4589 de
619 4538 780 4589 Oarboueano
790 4533 817 4585 in
828 4547 884 4600 epp.
891 4531 999 4584 Anteius
1010 4531 1040 4583 de
1051 4531 1132 4585 Euch.
1144 4535 1167 4594 ς.
1179 4531 1211 4582 iv.
1222 4531 1295 4598 Rom.
1306 4536 1328 4581 1.
1363 4523 1366 4530 ’
