3144 5192
248 562 308 620 2⁰4
479 553 537 613 DE
559 549 735 611 cusUUM
756 547 1099 612 RESERVATIONE.

249 723 379 802 episcopi
399 719 531 787 adeundi,
546 719 702 797 praesertim
716 718 741 776 si
754 719 915 796 penitentis
929 718 1037 778 mentio
1053 718 1183 778 facienda
1194 729 1248 788 est,
1262 719 1340 794 quod

249 825 356 897 absque
369 823 432 900 ejus
451 821 567 879 licentia
586 818 746 878 nullatenus
766 817 843 886 licet,
860 818 906 876 vel
918 817 944 876 si
957 835 994 876 ex
1013 817 1154 896 adjunctis
1169 821 1296 897 suspicio
1310 821 1340 879 in

249 940 328 984 reum
343 922 444 982 cadere
457 919 559 997 possit.

291 1027 359 1082 166.
380 1017 527 1097 Peregrini
535 1017 643 1078 absolvi
654 1026 774 1093 possunt
782 1015 998 1094 juxtadiecesis
1008 1025 1111 1076 statuta
1123 1019 1154 1077 in
1168 1035 1223 1091 qua
1231 1019 1339 1076 versari

251 1123 411 1200 contigerit,
438 1119 550 1193 quoties
575 1134 613 1174 ex
638 1135 691 1175 sua
717 1115 834 1175 dioecesi
859 1135 918 1176 non
943 1117 1127 1195 migraverint
1152 1119 1183 1176 in
1208 1115 1336 1176 fraudem

249 1219 458 1281 reservationis.
500 1217 533 1274 Si
546 1223 695 1293 peccatum
715 1214 891 1284 admiserint,
906 1215 983 1290 quod
998 1225 1058 1274 tum
1070 1216 1100 1274 in
1110 1215 1226 1275 dimoesi
1239 1218 1269 1275 in
1282 1233 1340 1291 qua

248 1328 404 1387 versantur,
422 1326 482 1375 tum
495 1317 525 1375 in
544 1335 606 1383 sua,
620 1324 792 1374 reservatum
813 1325 867 1384 est,
881 1324 1029 1390 nequeunt
1047 1315 1157 1376 absolvi
1177 1316 1233 1374 nisi
1255 1318 1289 1374 ab
1301 1335 1338 1376 eo

248 1420 298 1493 qui
316 1418 402 1476 habet
413 1417 574 1476 facultatem
589 1417 619 1474 in
634 1425 786 1483 reservata,
800 1416 831 1475 in
843 1415 961 1474 dioecesi
972 1415 1022 1474 ubi
1034 1416 1213 1474 confitentur.
1255 1416 1287 1474 Si
1301 1417 1338 1474 sit
1405 1448 1407 1452 ·

248 1525 421 1576 reservatum
435 1517 466 1575 in
478 1535 513 1575 ea
532 1515 658 1584 dioecesi‚
673 1534 731 1574 non
744 1523 838 1574 tamen
852 1515 882 1574 in
895 1534 957 1584 sua,
971 1524 1118 1588 nequeunt
1137 1514 1256 1584 absolvi,
1271 1515 1338 1588 quia

246 1618 401 1677 reservatio
414 1617 530 1692 respicit
542 1615 648 1673 directe
661 1615 861 1684 confessarios,
873 1633 994 1687 quorum
1007 1623 1132 1692 potestas
1145 1616 1219 1673 intra
1231 1614 1336 1673 limites

247 1726 401 1776 croecetur.
443 1716 477 1773 Si
496 1715 533 1772 sit
552 1723 725 1772 reservatum
739 1715 769 1772 in
789 1733 841 1774 sua
860 1714 987 1784 diocesi,
1002 1714 1072 1788 quin
1085 1715 1123 1772 sit
1134 1715 1164 1772 in
1184 1730 1218 1770 ea
1231 1714 1261 1772 in
1281 1733 1337 1787 qua

247 1817 426 1883 confitentur,
453 1822 574 1891 possunt
599 1814 718 1881 absolvi,
745 1815 811 1886 quia
837 1813 1076 1874 confessariorum
1101 1819 1227 1891 potestas
1252 1815 1337 1890 juxta

248 1925 351 1976 statuta
367 1915 528 1974 dioecesana
548 1913 706 1972 exercenda
729 1922 782 1971 est.
824 1913 859 1972 In
882 1913 965 1978 Bulla
988 1932 1050 1987 quae
1065 1913 1167 1990 incipit
1188 1909 1336 1991 Superest,

248 2015 385 2078 Clemens
399 2015 438 2073 X.
453 2013 621 2072 declaravit:
643 2021 662 2048 ‘¹
672 2031 757 2089 posse
771 2012 928 2090 regularem
948 2013 1154 2072 confessarium
1167 2012 1200 2070 in
1207 2010 1335 2082 diaecesi,

248 2116 278 2173 in
299 2134 355 2188 qua
376 2123 420 2172 est
440 2114 623 2190 approbatus,
646 2111 823 2172 confluentes
844 2130 882 2170 ex
906 2112 961 2171 alia
982 2111 1101 2171 diaecesi
1120 2133 1137 2170 a
1157 2113 1281 2188 peccatis
1303 2113 1334 2171 in

246 2214 309 2290 ipsa
327 2213 489 2281 reservatis,
504 2231 562 2270 non
582 2220 675 2270 autem
688 2213 717 2271 in
731 2211 789 2279 illa,
802 2211 851 2270 ubi
865 2211 941 2270 idem
962 2211 1154 2270 confessarius
1175 2221 1219 2269 est
1233 2230 1336 2288 appro-

247 2315 339 2381 batus,
353 2312 520 2386 absolvere3
541 2311 598 2370 nisi
611 2310 728 2371 eosdem
749 2311 919 2389 prenitentes
933 2312 1043 2370 noverit
1055 2313 1085 2370 in
1105 2309 1234 2370 fraudem
1247 2329 1336 2369 reser-

248 2414 369 2474 vationis
383 2412 418 2472 ad
432 2412 552 2471 alienam
566 2410 714 2470 diocesim
725 2431 777 2489 pro
791 2411 969 2471 absolutione
984 2410 1137 2469 obtinenda
1149 2405 1337 2487 migrasse.’'¹

248 2513 287 2573 Irt
307 2511 467 2594 fraudem,
490 2521 595 2580 autem,
618 2512 702 2588 juxta
733 2512 766 2569 S.
803 2511 996 2587 Alphonsum‚
1025 2510 1067 2579 fir,
1096 2509 1239 2583 “quando
1273 2510 1336 2582 quis

250 2613 371 2672 alienam
384 2613 455 2688 petit
467 2611 612 2670 dioecesim
623 2611 659 2668 ob
672 2609 859 2687 principalem
870 2610 955 2669 finem
963 2609 1111 2669 obtinendi
1120 2609 1336 2676 absolutionem,

247 2711 411 2784 vitandique
434 2709 576 2787 judicium
603 2709 711 2785 proprii
737 2711 869 2784 pastoris.
918 2710 1014 2777 Ratio,
1041 2712 1109 2782 quia
1134 2709 1209 2767 fraus
1235 2707 1337 2766 dicitur

246 2809 424 2874 intervenire,
439 2808 487 2865 ubi
500 2808 548 2866 lex
560 2807 688 2866 redditur
701 2808 832 2876 clusoria,
847 2818 879 2868 ut
891 2809 929 2866 ait
948 2809 1085 2878 Barbosa‚
1099 2809 1251 2868 Axiornate
1266 2812 1334 2867 102.

247 2928 275 2968 n.
300 2911 329 2965 4.
372 2907 545 2966 Eluderetur
570 2916 663 2966 autern
684 2907 732 2965 hio
757 2908 957 2966 reservationis
983 2908 1041 2976 lex,
1065 2910 1090 2967 si
1110 2909 1252 2986 poenitens
1278 2908 1333 2966 alio

246 3009 380 3086 migraret
387 3026 425 3065 ex
438 3006 589 3083 principali
602 3007 710 3067 motivo
718 3007 834 3083 petendi
847 3008 1063 3068 absolutionem.
1095 3007 1180 3067 Unde
1190 3007 1263 3066 bene
1274 3009 1335 3084 ipse

245 3109 354 3168 absolvi
380 3107 493 3185 poterit,
520 3108 545 3165 si
572 3107 741 3166 abscesserit
766 3107 802 3166 ad
825 3107 950 3180 aliquam
976 3106 1123 3166 dioecesim
1150 3107 1187 3165 ob
1210 3107 1332 3180 aliquem

246 3209 399 3268 honestum
412 3208 510 3274 finem,
526 3216 593 3283 puta
607 3208 712 3283 negotii
726 3206 839 3282 agendi,
854 3207 900 3265 vel
914 3205 1096 3284 indulgentie
1109 3205 1271 3275 lucrandae;
1293 3205 1335 3263 vel

246 3316 277 3366 ut
301 3307 477 3373 confiteatur,
504 3325 570 3365 cum
597 3307 702 3365 minori
727 3306 921 3374 incommodo,
948 3318 996 3366 aut
1020 3306 1102 3365 citius
1123 3305 1335 3365 confessionem

245 3407 398 3483 expediat;
414 3408 459 3464 vel
469 3406 711 3465 utconsessarium
723 3406 910 3484 incognitum,
920 3417 969 3463 aut
977 3404 1189 3483 prudentiorem
1198 3405 1333 3471 inveniat,

246 3507 296 3580 qui
309 3507 411 3566 melius
425 3524 490 3564 eum
505 3506 617 3582 dirigat,
632 3515 661 3562 et
674 3506 868 3579 tranquillitati
881 3523 940 3564 suae
960 3506 1141 3564 conscientiae
1154 3504 1293 3571 consulat,
1307 3512 1335 3561 et
1412 3573 1419 3581 x

245 3605 359 3664 similia.
402 3604 492 3662 Secus
510 3603 552 3683 (ut
569 3601 708 3683 diximus)
730 3605 754 3662 si
773 3606 811 3663 ibi
833 3603 979 3663 accederet
998 3624 1036 3664 ex
1052 3605 1204 3682 principali
1224 3603 1291 3670 fine,
1306 3611 1337 3661 ut

245 3702 361 3778 effugiat
369 3701 511 3778 judicium
524 3704 568 3759 sui
589 3704 756 3780 superioris,
770 3704 815 3762 vel
829 3713 860 3762 ut
878 3702 991 3762 facilius
1011 3695 1223 3763 absolvatur.”²
1262 3703 1333 3760 Non

245 3810 338 3860 autem
352 3801 381 3858 in
393 3798 520 3858 fraudem
531 3803 729 3860 reservationis
738 3821 791 3879 pro
805 3803 982 3862 absolutione
996 3803 1149 3863 obtinenda
1163 3805 1275 3880 migrat,
1287 3802 1336 3875 qui

244 3919 282 3960 ex
300 3900 418 3960 diaecesi
431 3898 552 3958 discedit
565 3899 599 3958 ad
620 3910 768 3978 peccatum
788 3901 956 3979 patrandum
974 3903 1051 3976 quod
1065 3905 1094 3962 in
1108 3921 1141 3962 ea
1161 3911 1337 3962 reservatum

245 4011 297 4070 est,
312 4019 378 4060 nam
392 4000 421 4059 id
434 3999 502 4058 facit
515 3998 552 4063 ad
564 4001 783 4061 reservationem
798 4001 1001 4079 effugiendam.

285 4106 353 4161 169.
375 4102 401 4161 Α
422 4100 550 4160 censuris
573 4101 603 4159 in
626 4091 716 4178 patria
733 4103 885 4161 reservatis
906 4105 1005 4176 nequit
1025 4103 1191 4180 peregrinus
1214 4100 1334 4166 absolvi,

246 4209 265 4238 “
277 4203 343 4274 quia
356 4211 412 4259 tota
424 4200 543 4260 facultas
557 4201 697 4278 simplicis
717 4203 884 4261 confessarii
898 4201 1065 4262 absolvendi
1079 4223 1096 4260 a
1109 4202 1238 4262 censuris
1251 4201 1350 4270 11666-Δ

248 4309 292 4358 tur
311 4319 349 4359 ex
363 4320 388 4358 c.
411 4301 514 4379 Nuper
527 4299 563 4360 de
576 4307 651 4360 sent.
667 4319 812 4362 eucomm.
824 4301 858 4361 itt
873 4305 901 4360 6.
917 4303 956 4361 ibi
976 4313 1070 4361 autern
1090 4302 1194 4361 dicitur
1212 4300 1338 4378 simplex

364 4521 406 4588 (r)
425 4521 541 4572 Editatr
555 4523 624 4572 rann
636 4527 708 4576 reru.
976 4527 1019 4594 (a)
1038 4523 1218 4576 ovinum.
