3124 5168
233 567 273 626 24
391 563 448 624 DE
469 559 747 622 RECEPTIONE
767 558 1163 622 SAORAMENTORUM.

231 776 235 782 .
274 733 324 790 bl.
344 728 380 790 In
392 729 561 788 necessitate
573 735 710 797 extrema,
728 726 896 787 imminente
915 725 1027 786 scilicet
1045 735 1146 796 morte,
1167 726 1236 786 lieet
1254 727 1322 805 bap·

233 829 348 888 demum
362 847 379 885 a
392 845 573 902 quocumque
587 828 745 904 suscipere,
766 827 852 885 etiam
874 827 909 885 ab
928 827 1179 886 excommunicato
1193 827 1321 894 vitando,

233 927 280 986 vel
292 926 436 996 heretico,
450 925 607 986 dummodo
620 928 715 986 omnis
728 926 830 985 vitetur
842 924 985 985 hereseos
999 925 1153 994 simulatio,
1167 925 1213 983 vel
1226 934 1319 1002 patro·

235 1026 358 1086 oinium:
379 1045 445 1087 nam
459 1027 546 1087 utitur
558 1028 679 1100 quisque
693 1026 728 1084 iis
741 1026 771 1083 in
783 1041 877 1084 rerum
891 1025 1033 1103 adjunctis
1046 1025 1189 1101 juranno,
1209 1025 1322 1096 sibique

236 1125 367 1194 consulit,
393 1126 585 1184 necessarium
613 1125 712 1183 salutis
738 1122 899 1183 subsidium
925 1125 1088 1198 exquirens.
1143 1122 1323 1183 Pmnitentite

236 1225 321 1284 etiam
335 1232 542 1283 sacramentum
556 1244 572 1282 a
585 1224 730 1284 sacerdote
743 1224 1003 1292 excommunicato,
1023 1221 1071 1281 vel
1090 1239 1242 1300 suspenso,
1255 1222 1324 1281 licet

237 1331 375 1399 expetere
387 1340 423 1381 eo
433 1323 463 1381 in
473 1322 647 1392 discrimine,
661 1325 688 1382 si
700 1323 773 1380 absit
785 1322 867 1390 alius;
882 1321 1021 1396 quidquid
1030 1323 1068 1380 sit
1076 1320 1112 1380 de
1126 1319 1324 1398 theologorum

235 1422 375 1480 sententia
400 1440 463 1495 que
483 1422 600 1481 cuilibet
624 1421 773 1490 sacerdoti,
793 1421 881 1480 etiam
898 1421 1043 1489 heretico,
1067 1438 1131 1478 eam
1151 1421 1257 1488 tribuit,
1278 1421 1323 1479 vel

235 1519 356 1598 denegat
380 1529 570 1598 potestatem:
604 1519 790 1580 moribundus
808 1521 884 1579 enim
910 1521 964 1579 sibi
990 1519 1187 1591 consulitque
1211 1519 1322 1577 meliori

234 1620 341 1678 ratione
350 1615 451 1695 possit.
477 1620 600 1678 “Relert
612 1617 789 1697 Pignatellus
803 1617 985 1678 Clementem
995 1617 1081 1678 Vlll.
1091 1619 1153 1696 jam
1164 1616 1323 1676 declarasse

235 1735 293 1777 non
305 1717 391 1776 licere
414 1725 494 1776 extra
514 1719 713 1776 necessitatem
733 1726 901 1786 extremam,
922 1735 959 1776 ne
972 1737 989 1776 a
1001 1717 1191 1776 schismaticis
1205 1716 1320 1790 quidem

235 1826 330 1895 petere
344 1825 528 1874 sacramenta.

276 1921 325 1974 52.
347 1915 439 1974 Extra
463 1916 661 1974 necessitatem
682 1924 837 1973 extremam
860 1914 928 1974 lieet
943 1915 1092 1994 suscipere
1112 1923 1286 1974 sacramenta
1306 1935 1323 1974 a

235 2014 384 2073 sacerdote
410 2013 539 2091 indigno,
563 2015 721 2091 presertim
741 2013 789 2086 qui
814 2012 934 2090 parochi
953 2032 1073 2072 munere
1100 2013 1235 2091 fungitur,
1256 2013 1324 2088 quia

234 2101 334 2170 fideles
347 2130 404 2169 non
421 2121 487 2170 sunt
499 2111 627 2188 privandi
641 2130 694 2168 suo
703 2113 768 2189 jure
781 2113 818 2170 ob
832 2112 901 2170 vitia
913 2113 958 2170 sui
971 2113 1103 2190 pastoris.
1147 2112 1321 2178 “Quamdiu

235 2212 270 2270 ab
284 2209 406 2268 ecclesia
419 2210 550 2269 toleratur
563 2210 592 2268 in
606 2209 799 2278 ministerio‚''
813 2210 947 2283 inquitS.
962 2205 1104 2281 Thomas,
1129 2220 1148 2248 ‘⁴
1158 2210 1204 2271 ille
1218 2212 1267 2284 qui
1286 2211 1321 2269 ab

234 2327 270 2372 eo
287 2309 408 2386 sucipit
418 2317 637 2379 sacramentum,
659 2327 718 2368 non
737 2309 932 2370 communicat
951 2319 1069 2388 peccato
1089 2305 1202 2388 ejus.”²
1242 2308 1320 2370 Con·

234 2408 383 2470 sonatJus
396 2410 584 2468 canonicum:
607 2409 708 2469 “Sine
727 2407 902 2470 dubitatione
922 2411 1052 2480 teneatis,
1076 2409 1154 2483 quod
1173 2429 1190 2467 a
1209 2410 1320 2470 clericis

234 2519 263 2568 et
275 2509 451 2586 presbyteris
464 2527 627 2582 quanquam
641 2507 812 2577 fornicariis,
828 2509 963 2582 quamdiu
974 2508 1137 2575 tolerantur,
1151 2525 1204 2566 nec
1218 2508 1323 2568 habent

531 1809 567 1844 ”l

235 2609 331 2684 operis
342 2607 523 2675 evidentiam,
531 2607 608 2666 licite
618 2606 714 2666 divina
726 2609 864 2684 mysteria
874 2606 1031 2674 audiantur,
1042 2614 1071 2662 et
1083 2605 1137 2662 alia
1147 2606 1322 2682 recipiantur

234 2713 409 2764 sacramenta
421 2697 663 2766 ecclesiastica.”³
703 2706 831 2765 Possunt
849 2705 934 2782 igitur
953 2721 1023 2762 suos
1042 2703 1118 2762 filios
1132 2703 1236 2761 offerre
1249 2705 1320 2783 bap·

235 2801 377 2871 dzandos,
391 2805 545 2880 nuptialem
560 2813 654 2882 petere
676 2804 915 2874 benedictionem,
935 2811 965 2862 et
986 2802 1022 2862 ad
1042 2811 1219 2862 sacramenta
1231 2803 1323 2880 poeni·

234 2903 329 2962 tentiae
343 2911 372 2960 et
390 2903 568 2962 eucharistia
591 2904 735 2972 accedere,
755 2903 882 2981 paschali
901 2913 1020 2981 urgente
1040 2909 1197 2982 praecepto,
1217 2901 1264 2960 vel
1287 2901 1321 2960 ad

230 3003 289 3084 sibi
302 3000 521 3061 consulendum.
565 3003 709 3063 Caeterum
730 3003 757 3061 si
776 3002 863 3062 alium
882 3003 959 3062 adire
980 3004 1093 3080 possint
1114 3003 1226 3075 absque·
1242 3003 1322 3079 gravi

197 3151 202 3158 .
234 3102 427 3171 incommode,
450 3103 548 3176 utique
571 3103 674 3162 debent
692 3101 842 3179 indignum
863 3105 986 3161 evitare:
1007 3121 1062 3161 nec
1087 3100 1191 3159 debent
1216 3101 1322 3174 absque

234 3219 320 3260 causa
344 3203 413 3259 satis
439 3203 519 3277 gravi
541 3203 631 3278 hujus
651 3201 809 3278 operanti.
852 3199 998 3264 sacerdoti
1024 3199 1143 3278 indigno
1168 3200 1322 3258 celebranti

234 3299 372 3363 inservire
395 3298 501 3371 absque
522 3319 608 3358 causa
626 3319 685 3359 non
705 3298 782 3367 licet,
796 3317 886 3374 quum
898 3317 992 3359 nemo
1006 3299 1108 3360 debeat
1120 3317 1237 3376 operam
1251 3317 1322 3376 pra·

234 3405 309 3454 stare
322 3396 502 3474 sacrilegium
517 3400 648 3475 patranti.
1395 3379 1402 3388 .

275 3500 325 3554 53.
347 3495 457 3554 Omnes
471 3515 544 3570 quos
558 3498 656 3557 tolerat
668 3497 803 3556 Ecclesia
823 3497 994 3565 sacerdotes,
1009 3495 1089 3575 digni
1101 3497 1226 3556 habendi
1240 3505 1316 3566 sunt,

234 3593 290 3650 nisi
311 3593 465 3668 indignitas
489 3612 586 3653 eorum
608 3594 760 3653 manifesta
781 3595 828 3662 sit,
849 3613 916 3653 nam
936 3593 1065 3653 fidelium
1086 3615 1145 3655 non
1165 3605 1321 3655 esteorum

234 3707 328 3748 mores
351 3690 479 3758 serutari,
500 3700 528 3749 et
543 3692 686 3769 judicium
706 3693 807 3752 ineos
828 3693 911 3751 ferre.
954 3692 1040 3760 Quod
1060 3703 1154 3754 autern
1174 3704 1322 3772 peccatum

234 3787 349 3863 aliquod
376 3798 530 3848 noscentur
549 3791 709 3860 admisisse,
730 3809 788 3850 nou
810 3792 935 3850 estratio
955 3811 1006 3851 cur
1026 3793 1136 3870 indigni
1156 3793 1320 3864 habeantur,

234 3907 323 3963 quum
336 3888 399 3946 fieri
412 3889 504 3966 possit
516 3899 548 3948 ut
559 3889 628 3948 illud
642 3890 810 3967 poenitentia
819 3891 1007 3968 expiaverint.
1030 3891 1218 3952 Consuetudo
1228 3903 1321 3954 autem

232 4008 330 4067 prava,
344 4007 379 4048 v:
401 4006 435 4066 g:
457 3988 588 4058 ebrietas,
602 3989 818 4058 concubinatus,
832 3990 879 4048 vel
892 3991 968 4050 aliud
981 3991 1158 4068 hujusmodi,
1173 3993 1321 4070 indignum

233 4089 317 4165 plane
330 4087 463 4155 ostendit,
478 4107 494 4146 a
508 4089 589 4166 cujus
602 4089 723 4166 proinde
737 4090 896 4149 ministerio
914 4089 1086 4167 expetendo,
1101 4100 1240 4164 quatenus
1260 4093 1322 4152 lieri

234 4189 325 4263 possit
338 4189 444 4262 absque
457 4189 536 4266 gravi
549 4189 594 4247 sui
607 4188 786 4260 detrimento,
800 4189 900 4248 fideles
913 4189 1018 4248 debent
1030 4191 1182 4251 abstinere.

270 4421 312 4486 (1)
331 4418 414 4482 Apud.
426 4421 452 4468 S.
463 4423 538 4488 Alph.
550 4425 566 4474 l.
578 4425 610 4476 vi.
620 4441 645 4476 n.
653 4423 707 4476 ‘117
855 4425 898 4496 (2)
917 4428 952 4478 iii.
962 4445 986 4494 p.
999 4446 1040 4495 qu.
1051 4431 1110 4482 lxiv.
1121 4437 1164 4482 art.
1176 4430 1208 4480 vi.
1220 4429 1251 4481 ad
1262 4434 1286 4480 2.

554 4509 597 4574 (3)
617 4509 679 4574 Cap.
688 4510 783 4560 Vestra.
794 4515 818 4565 7.
829 4511 859 4562 de
869 4511 953 4566 colob.
964 4513 1017 4566 cler.
