3108 5162
264 532 323 589 ert
547 527 603 588 DE
625 526 805 588 omens
826 526 1073 590 CONJUGUM.

265 749 269 760 ,
301 698 352 754 99.
372 695 456 754 Licet
466 695 584 774 conjugi
596 695 843 756 excommunicato
856 695 973 754 reddere
987 695 1122 764 debitum,
1137 705 1166 754 et
1179 697 1215 754 ab
1229 715 1271 754 eo
1290 693 1382 754 illud

262 807 376 874 petere:
392 812 458 854 nam
469 794 518 854 lex
530 795 657 874 conjugii
670 805 787 854 excusat
798 813 917 854 uxorem
931 779 1182 872 obtemperantem,
1193 795 1233 854 uti
1242 803 1381 853 constat

262 913 299 954 ex
314 893 447 972 Gregorii
463 895 532 955 v11.
546 891 761 954 declaratione.¹
790 893 853 953 imo
867 895 995 970 plerique
1009 895 1108 953 dicunt
1120 897 1380 953 excommunica-

264 1007 324 1054 turn
349 1011 434 1072 posse
461 1004 557 1072 petere
578 995 717 1061 debitum,
735 995 802 1069 quia
827 1013 885 1052 nou
909 1002 1041 1052 censetur
1066 994 1201 1053 Ecclesia
1226 1011 1301 1053 eum
1334 995 1370 1051 in

264 1094 423 1170 periculum
438 1093 508 1154 adeo
522 1093 703 1154 manifestum
717 1093 869 1170 conjicere.

279 1179 293 1204 '
304 1196 353 1252 99.
376 1194 491 1270 Negare
503 1212 560 1252 une
579 1192 698 1250 alterave
713 1192 774 1251 vice
793 1191 920 1251 debitum
935 1192 1084 1270 coujugale
1105 1193 1222 1269 petenti,
1237 1191 1367 1250 secluso

266 1293 393 1370 periculo
406 1292 571 1368 pollutionis
585 1302 614 1351 et
627 1293 721 1368 gravis
740 1291 863 1358 dissidii,
877 1291 987 1350 videtur
1000 1292 1119 1351 venialis
1139 1292 1243 1368 eulpa:
1267 1310 1368 1365 quum

264 1409 302 1450 ex
327 1391 473 1448 communi
496 1391 646 1451 homiuum
673 1391 858 1451 aestimatione
884 1410 988 1450 munus
1009 1391 1137 1469 conjugii
1156 1410 1216 1448 non
1240 1409 1366 1468 semper

264 1497 371 1565 urgeat.
414 1489 448 1548 Id
471 1487 622 1550 dicendum
647 1492 672 1548 si
698 1491 805 1567 conjux
830 1492 950 1548 remisse
971 1500 1058 1567 petat,
1073 1501 1102 1548 et
1118 1491 1250 1566 precibus
1272 1490 1366 1549 facile

264 1586 355 1656 cedat,
370 1589 415 1646 vel
430 1591 455 1649 si
469 1589 645 1664 frequentius
660 1598 736 1667 petat
754 1589 855 1649 eadem
869 1599 963 1659 nocte,
979 1592 1023 1649 val
1043 1589 1099 1647 die.
1140 1588 1226 1656 Quod
1240 1590 1264 1647 si
1280 1591 1360 1666 peri·
1394 1591 1396 1595 '

265 1686 360 1745 culum
384 1689 594 1748 incontinentia
622 1691 667 1758 sit,
689 1689 846 1748 cedendum
868 1691 961 1757 toties,
983 1698 1121 1762 quatenus
1146 1691 1221 1747 vires
1248 1688 1356 1747 ferant.

265 1785 372 1846 Pascat
391 1787 475 1864 igitur
496 1789 694 1866 graviterque
718 1789 781 1847 viro
799 1789 982 1848 vehementer
1001 1789 1124 1846 excitato
1146 1797 1297 1866 repugnat,
1315 1788 1361 1846 vei

266 1905 329 1960 quse
342 1889 445 1956 renuit,
456 1905 521 1946 curn
534 1898 612 1947 certo
625 1887 728 1946 furoris
743 1887 788 1945 vel
801 1887 985 1964 blasphemiae
998 1888 1137 1965 periculo.

306 1989 356 2044 91.
379 1987 532 2064 Paupertas
553 1989 707 2066 conjugum
721 1996 835 2044 nonest
848 2005 933 2045 causa
946 1986 1092 2046 sufficiens
1110 1984 1231 2064 negandi
1245 1985 1354 2044 debiti:

267 2103 333 2143 nam
347 2087 474 2164 conjugii
491 2086 556 2144 finis
579 2086 732 2162 praevalero
754 2084 838 2143 debet
858 2085 1047 2144 incommodis
1069 2105 1106 2144 ex
1126 2086 1205 2162 prole
1231 2086 1354 2152 orituris,

266 2185 422 2259 prasertim
436 2202 523 2256 quum
537 2185 749 2243 incontinentiae
770 2184 938 2261 plerumque
959 2186 996 2242 sit
1008 2184 1175 2262 periculum,
1189 2185 1213 2240 si
1227 2193 1352 2260 negetur.

269 2279 483 2340 “Conveniunt
495 2301 597 2342 ornnes
617 2302 680 2342 esse
694 2285 896 2362 obligationem
916 2283 1061 2353 reddendi,
1076 2285 1102 2342 si
1125 2284 1204 2342 adsit.
1218 2285 1246 2342 iu
1266 2284 1351 2342 altero

267 2381 425 2461 periculum
453 2382 682 2444 incontinentia:
703 2383 780 2457 quod
800 2403 907 2451 revera,
923 2381 966 2463 (ut
978 2385 1048 2442 bene
1070 2382 1190 2442 advertit
1207 2378 1352 2460 Coninch)

267 2485 317 2541 vix
331 2501 389 2542 nou
412 2481 511 2550 aderit,
528 2485 554 2542 si
575 2485 604 2543 in
630 2483 730 2542 eodem
745 2493 806 2542 toro
828 2483 934 2560 conjux
954 2483 1070 2550 habitet,
1084 2493 1112 2540 et
1134 2482 1203 2541 alter
1229 2481 1352 2540 debitum

267 2575 391 2658 petat.”²
419 2582 468 2640 Ex
491 2594 588 2642 mutuo
608 2600 750 2642 consensu
772 2592 914 2659 oporteret
931 2581 1045 2654 quidem
1068 2583 1218 2649 abstinere,
1233 2599 1350 2653 eamque

268 2679 401 2738 adhibere
415 2681 554 2741 cautelam
575 2700 632 2754 qua
645 2680 922 2757 tollaturpericulum
935 2700 942 2737 ε
958 2680 1008 2738 sed
1018 2681 1044 2738 si
1057 2680 1188 2739 altemter
1201 2689 1286 2756 petat,
1299 2681 1348 2737 vix

267 2779 334 2836 iicet
346 2795 502 2854 repugnare
516 2780 553 2837 ob
572 2778 663 2837 solam
677 2789 881 2854 paupertatem.
923 2780 956 2836 Si
977 2781 1029 2848 vir,
1043 2798 1095 2838 sua
1107 2780 1206 2838 inertia
1226 2779 1269 2836 vel
1289 2797 1351 2856 pro·

267 2875 418 2952 digalitate,
432 2893 517 2932 eausa
530 2877 567 2934 sit
586 2877 770 2954 paupertatis,
785 2877 894 2937 videtur
912 2879 998 2937 licere
1018 2880 1046 2936 ci
1068 2880 1209 2947 resistere,
1223 2897 1286 2936 nam
1301 2879 1349 2954 jus
1374 2869 1377 2876 ’

267 2974 319 3032 sibi
333 2973 432 3046 nequit
451 2975 594 3035 vindicare
618 2977 798 3054 procreandae
818 2977 916 3055 prolis,
931 2978 976 3036 cui
996 2979 1155 3037 nullatenus
1176 2977 1268 3035 sordet
1289 2996 1350 3055 pro·

267 3073 372 3134 videre.

308 3179 357 3235 92.
380 3175 448 3235 Non
470 3176 553 3236 debet
573 3180 616 3237 vir
633 3179 752 3256 jejuniis
779 3179 875 3238 nimiis
896 3197 926 3236 se
952 3160 1069 3236 reddere
1091 3179 1285 3254 impotentem,
1299 3193 1348 3233 nec

267 3276 536 3353 muliar'jejunando
550 3278 612 3336 fieri
621 3279 706 3336 nimis
721 3277 868 3347 deformis,
878 3277 949 3336 adeo
963 3290 993 3336 ut
1003 3297 1065 3337 earu
1080 3277 1123 3334 vir
1137 3286 1290 3335 aversetur.

232 3397 235 3402 ·
307 3378 356 3434 93.
378 3373 500 3435 Constat
526 3378 669 3436 neminem
688 3379 723 3436 ad
744 3376 920 3454 peccandum
942 3378 1039 3445 teneri,
1054 3377 1176 3450 ideoque
1202 3376 1347 3452 conjugem

267 3492 324 3533 non
340 3476 429 3534 teneri
439 3476 554 3536 reddere
567 3476 705 3547 debiturn,
717 3478 829 3551 quoties
842 3487 921 3536 actus
936 3478 997 3552 ipse
1011 3477 1101 3534 malus
1115 3476 1163 3533 fit:
1194 3483 1213 3510 “
1224 3473 1257 3531 Si
1270 3474 1348 3549 culpa

268 3589 299 3628 sa
313 3581 387 3630 tenet
400 3592 436 3632 ex
450 3587 529 3650 parte
546 3585 636 3644 senas,
650 3587 719 3652 puta
732 3577 757 3634 si
770 3576 840 3634 alter
852 3586 928 3652 petat
941 3577 969 3634 iu
983 3576 1048 3634 loco
1062 3595 1153 3656 sacro,
1166 3575 1212 3632 vel
1232 3573 1347 3650 publico,

267 3669 311 3726 vel
325 3671 350 3725 si
364 3687 428 3726 oum
439 3673 568 3746 periculo
582 3675 707 3742 abortus,
721 3675 765 3732 vel
778 3675 904 3732 sanitatis
914 3675 1045 3751 propriae,
1057 3686 1104 3732 aut
1117 3675 1242 3742 alterius,
1251 3684 1346 3731 omues

267 3765 440 3840 conveniunt
452 3786 510 3826 uon
524 3773 612 3829 teneri
626 3773 789 3848 conjugem,
804 3790 857 3830 uec
870 3791 956 3848 posse
970 3772 1086 3832 reddere
1099 3775 1161 3832 sine
1174 3773 1253 3850 gravi
1261 3772 1347 3846 culpa;

268 3876 344 3935 tunc,
359 3885 426 3925 cunr
445 3875 522 3927 actus
536 3869 573 3926 sit
591 3887 643 3946 per
664 3889 695 3928 se
714 3871 814 3939 malus,
829 3872 899 3929 alter
920 3873 1024 3949 injuste
1046 3875 1126 3951 petit,
1140 3871 1274 3944 eoquod
1295 3888 1348 3929 non

267 3969 352 4028 habet
360 3969 409 4047 jus
424 3960 587 4046 petendi.”³

237 4134 241 4146 Ι
307 4072 356 4127 94.
378 4069 410 4128 Si
424 4081 553 4148 exparte
573 4071 695 4148 petentis
709 4077 787 4129 aetus
802 4070 839 4128 sit
851 4069 977 4138 illicitus,
992 4090 1030 4128 v:
1044 4091 1082 4148 g:
1105 4070 1180 4144 quod
1198 4071 1348 4128 castitatem

266 4169 385 4237 voverit,
400 4170 529 4246 plerique
543 4171 640 4229 dicunt
652 4172 802 4248 conjugem
811 4170 929 4229 reddere
944 4188 1030 4248 posse
1045 4171 1183 4230 instanter
1197 4169 1313 4248 petenti,
1325 4167 1347 4223 si

300 4378 342 4442 (l)
363 4376 393 4427 O·
408 4377 533 4438 Quoniam
546 4381 643 4441 multos,
655 4379 740 4430 Canes.
752 4381 787 4430 xi.
799 4395 839 4444 qu.
852 4383 875 4428 3.
1079 4382 1122 4448 (2)
1141 4379 1171 4429 L.
1183 4379 1215 4428 vi.
1226 4395 1251 4428 n.
1264 4379 1318 4425 94¹1.

673 4467 715 4531 (a)
732 4463 832 4524 niuem,
847 4479 871 4514 n.
883 4463 941 4514 943.
