3144 5192
500 515 505 524 ’
602 558 659 622 na
681 515 992 622 rasouurroua.
1283 564 1340 620 211

257 749 321 789 esse
335 728 530 797 deserendam
541 729 590 801 qui
603 730 681 787 enim
694 729 723 786 in
737 747 772 786 ea
784 729 892 786 versari
906 728 1008 805 pergit,
1023 725 1174 786 manifesto
1188 727 1348 786 discrimini

258 831 356 908 lapsus
370 849 401 888 se
415 830 522 906 objicit.
564 828 681 886 Frustra
700 826 816 900 quidem
833 829 890 885 sibi
910 826 1061 894 blanditur,
1076 826 1125 898 qui
1145 834 1223 903 putat
1242 845 1274 884 se
1287 828 1348 886 vic·

258 939 349 987 torem
362 929 486 987 futurum
507 929 625 1005 peccati,
645 927 727 985 hoste
747 945 837 1002 prope
858 945 889 984 se
909 925 1018 985 relicto.
1061 925 1131 983 Ideo
1145 926 1285 1002 poenitens
1299 927 1349 998 qui

258 1027 334 1104 apud
347 1047 377 1087 se
392 1029 491 1086 retinet
503 1025 668 1104 hujusmodi
682 1027 873 1094 occasionem,
894 1027 1012 1085 omnino
1025 1025 1170 1102 cogendus
1185 1035 1228 1082 est
1241 1035 1272 1084 ut
1285 1044 1348 1082 eam

257 1137 402 1185 amoveat:
424 1146 482 1200 quo
496 1127 644 1203 proposito
664 1126 689 1182 si
711 1135 813 1192 careat,
828 1144 895 1184 vera
908 1124 1077 1184 contritione
1091 1143 1187 1183 carere
1201 1125 1347 1183 convinci·

257 1234 318 1284 tur:
346 1225 398 1285 sed
424 1235 451 1284 et
476 1216 656 1301 propositum
683 1226 844 1282 executioni
870 1235 914 1283 cst
939 1223 1178 1290 demandandum,
1200 1232 1348 1295 antequam

257 1326 398 1384 absolutio
412 1325 504 1392 detur,
518 1343 585 1382 nam
599 1332 674 1382 tanta
687 1332 730 1380 est
743 1322 905 1399 cupiditatis
918 1325 973 1391 vis,
988 1333 1104 1381 externa
1119 1331 1251 1380 manente
1265 1342 1346 1381 occa·

256 1425 348 1493 sione,
363 1434 395 1482 ut
408 1441 493 1482 nemo
507 1424 600 1499 possit
611 1423 676 1489 sibi,
691 1424 862 1497 proponenti
873 1423 934 1498 ejus
949 1423 1132 1490 amotionem,
1146 1421 1251 1479 fidere:
1268 1430 1287 1457 “
1297 1421 1350 1480 Or·

257 1523 368 1581 dinarie
382 1521 560 1595 loquendo‚'’
582 1522 676 1594 inquit
696 1521 728 1578 S.
744 1521 921 1597 Alphonsus,
944 1530 1118 1593 “nunquam
1139 1521 1248 1580 absolvi
1266 1520 1351 1580 debet

258 1623 400 1697 poenitens
415 1621 464 1693 qui
486 1631 612 1680 versatur
625 1622 653 1678 in
667 1621 818 1678 occasione
833 1621 962 1696 proxime
977 1620 1142 1687 voluntaria,
1167 1621 1278 1678 etiamsi
1300 1640 1349 1679 ex·

260 1720 445 1779 traordinaria
464 1721 546 1796 signa
565 1720 673 1779 doloris
697 1717 804 1786 afferat,
819 1729 967 1791 antequam
989 1719 1167 1778 occasionem
1187 1730 1349 1787 removeat3

258 1820 372 1878 occasio
386 1819 463 1878 enirn
477 1821 647 1886 extrinseca,
662 1819 819 1894 prasertim
834 1818 881 1874 ubi
894 1819 985 1894 agitur
999 1817 1035 1875 de
1048 1819 1117 1876 vitio
1130 1819 1215 1895 turpi,
1236 1819 1350 1892 quando

257 1936 384 1995 presens
408 1926 461 1984 est,
485 1918 524 1974 ita
544 1929 670 1977 mentem
688 1927 823 1985 excecat,
845 1925 877 1974 ut
898 1919 995 1976 omnia
1018 1918 1163 1993 proposita
1183 1919 1351 1976 ememoria

257 2019 358 2085 deleat,
385 2027 413 2076 et
436 2015 470 2074 ad
489 2018 608 2093 peccata
633 2018 673 2088 ita
690 2016 822 2093 impellit,
849 2025 880 2073 ut
899 2016 1002 2090 aliquis
1024 2017 1136 2074 etiamsi
1150 2025 1253 2074 certam
1268 2035 1350 2075 suam

258 2118 471 2176 damnationem
492 2117 526 2172 ab
548 2108 599 2176 illo
623 2116 743 2174 crimine
764 2127 924 2173 secuturam
939 2125 1135 2192 cognosceret,
1150 2115 1242 2174 adhuc
1256 2136 1272 2174 a
1285 2135 1351 2193 pec·

258 2225 320 2274 cato
335 2234 392 2275 non
406 2210 603 2274 desisteret.”1
644 2215 768 2274 Etiamsi
782 2217 962 2292 propositum
978 2215 1111 2274 tollenda
1121 2217 1281 2274 occasionis
1295 2217 1352 2274 sin.-

259 2333 356 2372 cerum
380 2315 426 2380 sit,
449 2302 595 2372 contendit
614 2315 645 2371 S.
660 2315 827 2391 Alphonsus
842 2315 1024 2390 poenitentem
1048 2313 1122 2373 haud
1135 2333 1198 2372 esse
1213 2333 1277 2372 vere
1291 2315 1350 2373 dis·

260 2414 396 2489 positum,
412 2413 468 2470 nisi
481 2431 582 2490 reapse
596 2414 748 2482 sustulerit,
771 2414 808 2471 ob
829 2413 985 2490 periculum
1000 2413 1181 2471 manifestum
1195 2413 1350 2482 relabendi,

168 2531 170 2540 ¹
261 2510 337 2584 quod
363 2511 521 2570 differendo
546 2512 631 2570 subit.
675 2513 818 2570 “Ablatio
851 2513 1010 2571 occasionis
1037 2522 1081 2570 est
1105 2529 1150 2569 res
1177 2531 1351 2590 magnopere

260 2610 357 2679 ardua,
380 2620 408 2668 et
429 2631 488 2670 non
501 2611 533 2668 fit
546 2613 602 2670 nisi
617 2613 682 2684 quis
696 2631 830 2689 magnam
851 2612 910 2670 vim
931 2613 985 2671 sibi
998 2612 1110 2678 inierat,
1125 2621 1156 2669 ut
1169 2612 1305 2670 avellatur
1318 2613 1352 2670 ab

260 2710 308 2768 illa
322 2711 485 2779 occasione,
500 2711 535 2769 ad
550 2729 646 2786 quam,
661 2721 779 2789 propter
798 2711 966 2788 praeteritam
986 2712 1031 2770 sui
1045 2711 1133 2769 animi
1146 2711 1350 2778 adbaesionern,

260 2819 388 2868 remanet
400 2809 483 2869 valde
497 2828 677 2888 propensus3
699 2821 727 2868 et
740 2811 816 2878 ideo,
831 2811 854 2868 si
869 2813 981 2870 occasio
992 2831 1049 2870 non
1064 2811 1188 2869 aufertur
1198 2822 1261 2870 ante
1273 2812 1353 2870 abso·

260 2909 410 2977 lotionem,
425 2910 566 2985 paenitens
581 2909 616 2967 de
630 2909 705 2968 facili
719 2919 785 2987 post
797 2910 1005 2969 absolutionem
1016 2931 1047 2969 se
1061 2911 1195 2986 decipiet,
1210 2909 1281 2969 salsb
1296 2911 1352 2969 sibi

262 3006 408 3065 suadendo
423 3007 500 3080 quod
514 3009 713 3068 tentationibus
727 3010 850 3076 resistet,
871 3017 899 3066 et
921 3011 972 3077 sic,
987 3011 1138 3067 occasione
1151 3029 1209 3068 non
1224 3010 1351 3076 dimissa,

262 3106 389 3182 prolecto
403 3107 503 3165 redibit
516 3108 549 3167 ad
565 3108 713 3167 vomitum.
756 3109 821 3175 Qua
840 3107 875 3165 de
889 3127 930 3176 re,
952 3109 977 3165 si
991 3109 1054 3190 talis
1067 3108 1152 3166 vellet
1171 3109 1289 3174 absolvi,
1304 3127 1351 3166 an·

262 3215 376 3278 tequam
391 3207 571 3265 occasionem
586 3207 710 3277 deserat,
728 3217 804 3275 esset
826 3207 1022 3284 indispositum
1044 3207 1111 3279 quia
1124 3225 1155 3263 se
1169 3207 1353 3264 constitueret

261 3305 291 3361 in
306 3306 444 3387 probabili
458 3307 585 3382 periculo
599 3306 772 3385 infringendi
786 3308 982 3384 propositum:
997 3325 1029 3364 ac
1044 3316 1193 3382 propterea
1206 3305 1351 3364 consessa·

261 3404 331 3471 rius,
346 3406 474 3477 quicum
489 3405 657 3473 absolveret,
674 3409 768 3484 ipsum
781 3404 969 3478 relinquendo
987 3407 1018 3463 in
1041 3406 1088 3463 tali
1101 3406 1239 3482 periculo,
1253 3406 1351 3477 utique

259 3514 391 3579 peccaret
404 3513 461 3563 tam
475 3515 573 3564 eontra
586 3504 712 3563 officium
722 3506 840 3586 judicis,
863 3524 946 3576 qnam
968 3503 1082 3572 medici,
1107 3500 1173 3578 quia
1193 3505 1352 3562 absolveret

259 3603 473 3682 indispositum,
501 3623 559 3664 non
585 3603 756 3682 applicando
779 3605 820 3663 illi
845 3604 1004 3662 remedium
1031 3623 1090 3662 suae
1116 3604 1199 3662 saluti
1221 3623 1350 3663 necessa·

259 3697 383 3765 llum-”²

303 3809 369 3863 187.
391 3805 461 3863 Non
475 3811 629 3862 excusatur
641 3803 783 3879 poenitens
806 3821 822 3858 a
842 3801 966 3861 tollenda
979 3805 1143 3870 occasione,
1163 3804 1229 3862 licet
1250 3803 1351 3862 solatio

262 3919 365 3979 magno
379 3921 413 3960 ac
426 3901 613 3966 delectatione
635 3902 789 3978 privandus
812 3902 859 3970 sit,
880 3904 1023 3960 consortio
1043 3902 1209 3979 hujusmodi
1222 3903 1252 3959 in
1265 3902 1349 3958 rebus

262 3999 347 4058 licitis
361 4001 543 4059 renuntians:
559 4020 626 4060 nam
640 3999 740 4060 meritd
760 4001 866 4077 rejecta
885 4010 929 4061 est
950 3999 1099 4078 cujusdam
1114 3999 1260 4056 excusatio
1274 3999 1351 4069 quod

261 4100 351 4177 ejecta
371 4100 531 4158 concubina
550 4101 599 4158 vix
619 4101 674 4160 alia
687 4101 861 4160 inveniretur
874 4100 979 4159 famula
999 4118 1062 4172 quae
1076 4098 1163 4173 dapes
1176 4097 1230 4154 sibi
1244 4107 1353 4172 pararet

261 4217 412 4277 congruas,
440 4197 526 4257 veluti
551 4219 584 4258 ac
605 4201 630 4258 si
650 4199 724 4278 gulae
750 4199 880 4275 voluptas
906 4217 964 4274 prae
985 4198 1085 4255 aninrae
1110 4194 1199 4251 salute
1220 4194 1351 4254 habenda

261 4298 348 4360 foret:
370 4306 544 4377 quapropter
576 4299 740 4360 Alexander
764 4298 835 4357 vll.
859 4294 1347 4374 damnaviteam.propositionem:

397 4523 440 4594 (1)
460 4519 490 4570 L.
501 4520 531 4571 vi·
542 4537 568 4575 n.
579 4522 638 4573 452.
947 4517 989 4585 (2)
1009 4513 1109 4576 ibidem,
1120 4530 1147 4568 n·
1159 4516 1216 4568 454.
