3172 5172
577 580 635 640 us
657 561 1022 654 SATISFAOTIONE'„
1073 529 1079 543 ’
1156 667 1158 672 Ι
1282 583 1339 639 1⁷9

250 759 269 787 “
281 750 396 810 Debent
408 766 476 827 ergo
497 748 657 806 sacerdotes
671 745 823 812 Domini,”
838 747 932 820 inquit
952 746 1104 804 concilium
1126 743 1339 816 Tridentinum,

251 859 419 923 “quantum
433 850 550 925 spiritus
565 857 594 904 et
607 831 757 923 prudentia
770 847 955 923 suggesserit,
971 863 1024 921 pro
1034 845 1168 918 ¹qualitate
1189 845 1341 906 criminum
1406 855 1410 861 '
1429 828 1433 836 ¹

250 957 279 1006 et
303 950 499 1026 poenitentium
523 947 664 1014 facultate,
691 945 827 1003 salutares
848 956 876 1004 et
903 946 1107 1004 couvenientes
1133 944 1341 1004 satisfactiones

250 1048 413 1126 injungere:
429 1066 476 1116 ne,
489 1047 514 1104 si
527 1047 599 1104 forte
612 1045 737 1123 peccatis
752 1046 931 1112 conniveant,
946 1055 975 1101 et
995 1044 1188 1120 indulgentius
1202 1062 1267 1102 cum
1282 1064 1341 1121 poe-

252 1148 404 1205 nitentibus
427 1155 520 1224 agant,
534 1147 680 1203 levissima
699 1143 830 1217 quaedam
851 1163 938 1220 opera
962 1162 1015 1219 pro
1034 1143 1211 1220 gravissimis
1232 1143 1341 1204 delictis

250 1246 435 1325 injungendo,
450 1245 608 1304 alienorum
629 1254 810 1320 peccatorum
835 1245 987 1320 participes
1008 1243 1174 1300 efficiantur.
1210 1241 1343 1304 Habeant

235 1347 237 1352 ’
251 1354 344 1405 autem
359 1364 417 1422 prae
438 1345 539 1412 oculis,
553 1354 584 1402 ut
596 1343 760 1409 satisfactio,
776 1361 862 1415 quam
876 1343 1035 1418 imponunt,
1049 1361 1107 1401 non
1127 1342 1166 1398 sit
1179 1349 1286 1400 tantum
1307 1343 1342 1402 ad

251 1463 332 1504 uovae
353 1447 418 1502 vitae
440 1443 609 1511 custodiam,
624 1451 652 1499 et
671 1441 841 1499 infirmitatis
861 1441 1110 1522 medicamentum,
1128 1439 1178 1498 sed
1201 1441 1284 1499 etiam
1307 1442 1342 1500 ad

250 1545 458 1620 preteritomm
481 1551 660 1619 peccatorum
681 1540 845 1608 vindictam,
860 1550 888 1597 et
909 1540 1140 1618 castigationem
1161 1559 1227 1598 nam
1247 1541 1341 1601 claves

251 1643 444 1702 sacerdotibus
458 1661 516 1700 nou
527 1641 562 1699 ed
577 1639 745 1699 solvendum
760 1639 915 1708 dumtaxat,
924 1640 973 1697 sed
982 1650 1011 1697 et
1024 1640 1058 1698 ad
1067 1639 1213 1716 ligandum
1227 1658 1342 1700 conces·

251 1759 308 1810 sas,
322 1743 406 1800 etiam
421 1743 530 1814 antiqui
552 1750 646 1816 patres
664 1748 693 1796 et
706 1739 834 1806 credunt,
849 1747 876 1796 et
889 1726 1040 1796 ὀοοιειη.Μ
1081 1738 1148 1798 Hoc
1162 1739 1342 1799 sacerdotum

253 1860 358 1900 munus
372 1841 565 1917 explicaverat
576 1840 637 1916 jam
652 1839 810 1897 concilium
831 1838 1021 1896 Lateranense
1042 1838 1096 1896 IV.
1118 1839 1290 1897 “Sacerdos
1307 1841 1345 1898 sit

252 1939 390 1998 discretus
404 1950 433 1998 et
452 1950 561 2007 cautus,
575 1948 606 1996 ut
627 1957 705 1996 more
727 1937 811 2014 periti
832 1936 935 1996 medici
955 1933 1174 2015 superinfundat
1195 1939 1294 1996 vinum
1315 1948 1342 1996 et

253 2039 347 2098 oleum
368 2040 529 2097 vulneribus
556 2038 683 2106 sauciati,
703 2036 850 2114 diligenter
872 2038 1019 2111 inquirens
1046 2038 1203 2114 peccatoris
1224 2039 1343 2097 circum·

253 2139 377 2206 stantiae,
392 2149 421 2196 et
433 2139 552 2214 pcccati,
567 2138 670 2210 quibus
686 2135 837 2213 prudenter
850 2138 997 2215 intelligat,
1012 2137 1094 2210 quale
1109 2137 1149 2194 illi
1159 2137 1260 2195 debeat
1272 2157 1344 2214 prae·

254 2237 320 2296 bere
340 2239 503 2306 consilium,
518 2246 546 2296 et
564 2236 726 2313 cujusmodi
746 2236 904 2294 remedium
928 2237 1071 2305 adhibere,
1090 2235 1211 2296 diversis
1232 2239 1343 2314 experi-

252 2339 356 2395 mentis
369 2336 474 2394 utendo
488 2336 523 2394 ad
542 2336 699 2394 sanandum
714 2327 902 2412 aegrotum.'’²
935 2336 1063 2402 Quodsi
1085 2336 1195 2395 nullum
1217 2338 1346 2412 imponat

254 2436 426 2512 poenitentis
446 2454 529 2512 opus,
545 2436 666 2511 graviter
685 2453 738 2493 suo
765 2437 877 2493 muneri
897 2435 977 2493 deest
1000 2435 1066 2506 quia
1092 2436 1211 2512 negligit
1235 2445 1344 2511 partem

254 2537 438 2593 sacramenti:
455 2535 584 2607 quamvis
598 2552 664 2592 eum
687 2552 832 2592 nonnemo
853 2525 993 2600 excuset,⁸
1019 2533 1043 2590 si
1064 2519 1210 2610 peccatum
1233 2535 1345 2592 veniale

254 2642 360 2692 tantum
374 2635 458 2693 fuerit
470 2653 486 2690 a
494 2635 648 2711 poenitente
663 2632 799 2693 delatum.
842 2634 874 2692 si
887 2635 1031 2710 contingat
1039 2633 1222 2710 poenitentem
1234 2635 1344 2710 peccati
1446 2629 1450 2641 '

253 2733 365 2792 alterius
389 2733 530 2794 recordari
553 2743 620 2810 post
646 2733 853 2792 absolutionem
880 2743 1035 2811 acceptam,
1056 2732 1182 2806 illudque
1204 2735 1344 2802 confiteri,

252 2843 364 2908 oportet
375 2848 406 2892 ut
418 2851 493 2892 nova
506 2835 532 2893 ei
546 2835 709 2910 injungatur
722 2835 886 2909 poenitentia
898 2842 927 2891 et
939 2832 1020 2891 detur
1030 2832 1168 2891 absolutio
1181 2853 1189 2902 ς
1200 2852 1253 2893 nec
1267 2834 1345 2892 enim

255 2933 419 3006 penitentia
427 2934 488 3010 jam
509 2934 637 3010 injuncta
651 2933 755 3008 poterit
773 2933 942 2990 sacramenti
961 2934 1063 2991 iterum
1085 2933 1262 3008 suscipiendi
1282 2952 1346 2990 esse

256 3031 382 3099 materia,
404 3049 491 3104 quum
511 3049 583 3107 opus
604 3030 680 3088 idem
706 3051 763 3090 non
784 3033 821 3090 sit
846 3031 953 3109 duplici
974 3031 1055 3088 titulo
1082 3030 1211 3107 ejusdem
1232 3034 1345 3109 generis

256 3129 488 3206 precipiendum.
503 3155 513 3206 j
530 3131 563 3187 Si
577 3141 725 3207 peccatum
740 3131 849 3188 veniale
863 3131 889 3188 ei
906 3132 936 3188 in
959 3138 1084 3187 mentem
1099 3130 1215 3197 venerit,
1229 3149 1288 3188 non
1303 3139 1347 3187 est

255 3247 328 3305 opus
342 3229 507 3305 poenitentia
520 3229 564 3288 vel
577 3230 753 3288 absolutione
767 3250 850 3289 nova.
1272 3234 1275 3238 ’

297 3332 364 3386 100.
386 3328 501 3405 lnjungi
518 3331 621 3405 poterit
633 3330 662 3387 in
677 3331 883 3406 poenitentiam,
894 3329 979 3406 juxta
998 3327 1161 3404 plerosque,
1176 3345 1248 3404 opus
1262 3330 1346 3387 inter·

255 3445 335 3495 num,
350 3447 385 3486 v:
400 3447 435 3505 g:
450 3427 615 3496 meditatio;
638 3438 657 3464 “
670 3431 737 3502 quia
751 3431 805 3488 tale
818 3447 892 3505 opus
910 3430 971 3506 jam
986 3445 1037 3504 per
1048 3445 1082 3484 se
1096 3436 1139 3484 est
1157 3429 1344 3496 meritorium,

255 3535 285 3584 et
297 3527 363 3585 satis
377 3528 409 3585 fit
428 3527 564 3585 sensibile
578 3547 628 3604 per
648 3529 862 3605 impositionem
888 3527 1051 3594 sacerdotis,
1067 3545 1099 3584 ac
1119 3529 1343 3604 acceptationem

257 3628 432 3702 penitentis,
443 3638 529 3704 prout
541 3629 672 3686 contritio
687 3629 718 3685 fit
730 3629 874 3686 sensibilis
895 3645 946 3704 per
962 3621 1223 3686 confessionem.”⁴
1255 3626 1348 3686 Oete·

257 3745 319 3784 rum
333 3728 462 3804 plerique
480 3737 619 3806 augentur
632 3727 738 3793 auimo,
752 3728 909 3786 dubitantes
923 3738 1015 3787 utrum
1030 3727 1196 3805 hujusmodi
1211 3731 1348 3805 poeniten·

196 3859 200 3866 -
257 3827 325 3884 tiam
345 3821 535 3903 impleverint,
550 3827 672 3900 ideoque
699 3825 810 3885 videtur
828 3846 892 3885 raro
913 3828 1097 3906 injungenda,
1119 3829 1248 3899 quamvis
1270 3847 1347 3905 saepe

259 3923 372 3982 consilii
398 3926 486 3983 instar
504 3925 732 3986 commendanda
752 3927 798 3996 sit,
822 3946 910 4000 quum
936 3928 1111 4004 precipuum
1137 3927 1174 3984 sit
1199 3926 1234 3983 ad
1261 3928 1347 3984 vitam

259 4041 362 4082 novam
377 4024 545 4084 subsidium.

300 4125 367 4180 101.
389 4121 472 4197 Opus
499 4125 528 4182 iu
548 4123 746 4184 defunctorum
773 4126 904 4183 levamen
931 4126 1036 4200 poterit
1060 4122 1208 4200 poenitenti
1228 4121 1348 4198 injungi,

257 4223 323 4296 quia
336 4222 505 4282 exercitium
519 4232 562 4280 est
581 4224 724 4283 charitatis
744 4224 809 4282 Deo
823 4221 975 4282 admodum
997 4232 1118 4300 gratum,
1133 4219 1208 4292 quod
1229 4220 1296 4278 dum
1319 4220 1350 4280 in

328 4446 370 4509 (1)
390 4444 456 4494 Sese.
467 4445 516 4494 xiv.
528 4461 580 4510 cap.
592 4445 642 4497 viii.
653 4443 682 4496 dc
689 4442 850 4512 penitentia.
1047 4443 1089 4508 (2)
1109 4439 1171 4505 Cep.
1183 4440 1279 4491 Omnis

328 4532 370 4598 (3)
390 4531 417 4580 S.
429 4531 504 4597 Alph.
516 4533 532 4581 1.
544 4532 577 4582 vi.
587 4547 613 4582 n.
625 4534 684 4580 507.
1039 4529 1081 4596 (4)
1100 4527 1130 4577 L.
1142 4527 1174 4578 vi.
1185 4544 1211 4578 n.
1223 4530 1282 4580 514.
