3124 5168
533 565 589 626 DE
611 565 758 627 FORMA
777 564 990 626 BAPTISMI.
1267 571 1307 626 ³5

216 738 300 795 beata
323 735 414 814 Virgo
440 743 467 793 te
493 733 609 814 adjuvet
619 734 640 793 :'
666 736 720 793 erit
737 752 839 792 verum
858 734 1009 812 baptisma.
1060 732 1147 794 Forte
1167 741 1260 794 autem
1280 737 1307 794 si

217 837 335 906 diceret,
364 835 450 913 ‘Ego
470 844 496 892 tc
519 835 647 913 baptizo,
671 836 701 894 in
723 826 841 894 nominc
863 834 967 903 Patris,
983 843 1012 893 et
1031 832 1110 902 Filii,
1129 843 1158 893 et
1179 833 1306 911 Spiritus

220 937 327 1005 Sancti,
342 945 369 994 et
381 935 470 994 beatae
490 934 619 1012 Virginis
633 933 755 1002 Mariae,’
770 951 830 993 non
843 942 920 994 esset
931 933 1107 1011 baptismus:
1126 933 1193 1007 quia
1205 933 1308 994 dicitur

219 1036 243 1094 Ι.
258 1035 292 1094 ad
306 1034 475 1096 Corinthios
489 1035 509 1094 i.
533 1033 703 1108 ‘Numquid
716 1034 825 1094 Paulus
839 1053 892 1112 pro
905 1034 986 1092 vobis
1000 1032 1157 1092 crucifixus
1169 1034 1235 1092 esti
1259 1041 1308 1092 ant

217 1137 377 1196 innomine
398 1133 481 1194 Pauli
495 1135 629 1211 baptizati
642 1135 710 1193 estis
722 1133 744 1191 l'
787 1133 846 1192 Sed
858 1133 914 1192 hoc
927 1151 1026 1192 verum
1041 1141 1095 1200 est,
1110 1134 1136 1191 si
1149 1136 1192 1193 sic
1205 1133 1308 1192 intelli·

219 1244 308 1314 gatur,
316 1238 346 1296 in
356 1236 475 1295 nomine
485 1235 572 1293 beatoe
586 1235 715 1312 Virginis
729 1233 877 1311 baptizari,
887 1234 962 1292 sicut
974 1233 1132 1293 innomine
1146 1233 1306 1302 Trinitatis,

219 1354 276 1410 quo
287 1335 447 1415 baptismus
461 1343 661 1394 consecratur:
683 1333 746 1392 talis
759 1335 837 1402 enim
851 1351 953 1392 sensus
966 1342 1043 1392 esset
1061 1334 1218 1392 contrarius
1233 1349 1307 1392 verm

218 1435 296 1504 fidei,
310 1445 339 1494 et
351 1453 404 1513 per
423 1453 606 1508 consequens
626 1432 738 1493 tolleret
749 1434 896 1492 veritatem
916 1433 1096 1492 sacramenti.
1138 1433 1170 1491 Si
1183 1450 1251 1492 vero
1264 1435 1307 1492 sic

218 1535 391 1613 intelligatur
413 1532 491 1607 quod
506 1533 617 1594 additur
635 1532 677 1614 (et
687 1533 721 1606 jn
737 1533 854 1610 nomine
875 1533 963 1592 beatoe
983 1527 1124 1611 Virginis)
1145 1550 1204 1592 nou
1224 1535 1307 1607 quasi

220 1651 330 1693 nomen
350 1635 437 1692 beatae
459 1633 588 1711 Virginis
611 1632 718 1706 aliquid
742 1642 873 1710 operetur
895 1633 925 1692 in
944 1633 1097 1710 baptismo,
1120 1632 1171 1691 sed
1192 1642 1223 1693 ut
1244 1635 1308 1711 ejus

219 1735 391 1792 intercessio
403 1734 494 1810 prosit
505 1733 657 1811 baptizato,
672 1731 706 1791 ad
720 1732 943 1793 conservandam
957 1734 1075 1812 gratiam
1088 1733 1306 1811 baptismalem:

220 1851 280 1892 non
294 1833 398 1893 tollitur
409 1833 546 1911 perfectio
559 1827 776 1892 sacramenti.''¹

542 2039 579 2102 (1)
599 2037 882 2102 iii.p.qn.lx.nrt.viii.
921 2037 994 2104 Resp.
