3144 5192
542 1146 894 1221 APPENDIX
947 1147 976 1219 I.

647 1376 892 1391 n-—fl--

557 1551 614 1610 DE
636 1549 960 1610 INDULGENTIIS.

249 1751 318 1807 249.
340 1746 386 1805 De
407 1748 590 1827 indulgentiis
612 1749 684 1808 alliis
699 1749 820 1825 egimus,
834 1757 863 1805 et
876 1757 1044 1824 potestatem
1058 1768 1106 1808 eas
1126 1749 1301 1808 concedendi

209 1841 448 1907 vindicavimus:¹
471 1849 523 1907 sed
543 1850 625 1926 plura
644 1848 680 1906 de
705 1848 741 1905 iis
765 1857 880 1907 manent
899 1847 1109 1921 dicendaque
1135 1847 1170 1906 ad
1189 1850 1301 1923 praxim

208 1949 360 2024 pertinent.
403 1945 603 2026 Indulgentio
623 1948 727 2006 dicitur
746 1949 893 2024 potestatis
907 1948 1106 2007 ecclesiastica
1119 1958 1200 2005 extra
1212 1966 1303 2009 sacrae

208 2058 336 2106 mentum
350 2049 530 2117 exercitium,
545 2065 603 2122 quo
618 2065 758 2106 canonum
774 2047 947 2123 poenitentire
960 2047 1038 2124 rigor
1049 2047 1199 2113 relaxatur,
1211 2065 1302 2123 prenae

208 2147 332 2224 peccatis
348 2147 409 2223 jam
424 2148 551 2206 remissis
565 2146 667 2205 debitat
691 2165 826 2206 concessa
845 2148 1026 2205 remissione.
1069 2147 1117 2204 Fit
1135 2147 1165 2204 vi
1178 2146 1302 2205 clavium

211 2255 239 2302 et
251 2244 380 2303 solvendi
394 2247 551 2320 potestatis,
561 2266 577 2304 a
588 2245 706 2305 Christo
715 2246 813 2313 Petro,
828 2255 857 2303 et
866 2247 976 2303 caeteris
986 2245 1135 2323 Apostolis
1145 2263 1302 2313 concesse,

212 2343 402 2402 satisfactione
429 2343 493 2404 Deo
520 2345 612 2403 oblata
637 2364 674 2403 ex
700 2345 842 2403 Ecclesiae
872 2345 1015 2412 thesauro,
1043 2345 1162 2403 infinitis
1194 2343 1304 2402 scilicet

213 2441 323 2500 Christi
345 2444 465 2511 meritis,
479 2444 591 2517 quibus,
606 2445 640 2502 ad
661 2444 806 2503 cumulum
827 2443 926 2509 veluti,
940 2442 1132 2520 adjunguntur
1144 2453 1306 2500 sanctorum

211 2543 295 2600 etiam
310 2559 407 2618 opera,
422 2555 560 2616 quatenus
574 2545 696 2621 poenalia
706 2556 781 2602 sunt.
814 2541 962 2602 Plattoria
976 2541 1150 2620 indulgentia
1163 2554 1207 2600 est
1216 2541 1302 2600 totius

209 2660 301 2718 poenae
326 2644 451 2716 peccatis
478 2643 579 2702 debitae
613 2645 765 2712 remissi03
782 2641 928 2722 partialis
955 2641 1072 2701 habetur
1098 2660 1161 2715 quae
1194 2651 1303 2719 partem

210 2750 317 2800 tantum
333 2759 423 2817 poenae
437 2744 562 2810 remittit,
578 2763 604 2800 v:
620 2763 648 2820 g:
667 2753 777 2820 septem
791 2762 880 2802 annos
894 2743 1066 2820 paenitentiae
1083 2744 1166 2821 juxta
1180 2751 1304 2800 veterem

208 2838 389 2916 disciplinam
407 2842 595 2918 peragendos.
628 2843 662 2902 In
686 2843 888 2920 diplomatibus
912 2843 1057 2901 nonnullis
1077 2842 1219 2900 veteribus
1239 2860 1300 2901 om·

209 2941 290 2998 nium
317 2949 497 3014 peccatorum
522 2942 654 3000 remissio
680 2939 854 3008 conceditur,
882 2941 959 3013 quod
989 2941 1025 3000 de
1059 2959 1150 3017 poenae
1175 2941 1303 3016 plenaria

210 3038 379 3097 remissione
393 3039 518 3118 theologi
531 3059 632 3100 ornnes
646 3039 862 3118 intelligendum
885 3048 1059 3116 agnoscunt:
1081 3041 1112 3096 in
1132 3038 1194 3094 aliis
1216 3041 1303 3096 tertiae

210 3137 254 3196 vel
267 3149 372 3212 quartae
386 3141 474 3216 partis
494 3151 675 3217 peccatorum
696 3139 827 3199 remissio
841 3139 931 3205 datur,
944 3137 1020 3210 quod
1043 3136 1077 3193 de
1101 3137 1272 3213 poenitentiae
1287 3156 1303 3193 a

209 3239 366 3296 canonibus
392 3241 564 3317 prescriptae
591 3241 621 3297 in
646 3249 826 3316 peccatorum
856 3256 971 3315 poenam
999 3236 1180 3303 remissione,
1208 3234 1303 3308 quoad

210 3338 329 3405 tertiam,
348 3339 393 3396 vel
419 3350 547 3411 quartam
568 3349 687 3415 partem,
709 3341 814 3415 pariter
833 3336 1004 3414 intelligunt.
1046 3335 1229 3411 Indulgentia
1250 3353 1301 3412 per

211 3435 327 3495 modum
341 3439 528 3497 absolutionis
540 3438 707 3497 conceditur
720 3437 863 3504 frdelibus,
878 3445 975 3512 utpote
989 3435 1038 3508 qui
1053 3435 1194 3494 Ecclesiae
1208 3443 1302 3511 potes-

210 3537 257 3594 tati
270 3538 439 3615 subjacent:
461 3556 512 3614 per
525 3536 643 3596 modum
657 3536 723 3595 verd
747 3535 908 3596 solutionis
925 3535 1085 3612 applicatur
1105 3534 1257 3602 defunctis,
1273 3536 1304 3592 in

210 3634 377 3713 Purgatorio
391 3638 523 3706 detentis,
538 3636 687 3715 suffragii
701 3638 800 3704 instar,
815 3635 890 3709 quod
906 3635 1008 3693 emittit
1020 3635 1164 3704 Ecclesia;
1179 3637 1302 3712 pretium

209 3733 417 3813 redemptionis
444 3746 559 3806 nostrae,
574 3748 603 3795 et
625 3746 787 3795 sanctorum
810 3737 909 3794 merita
935 3735 1000 3793 Deo
1020 3735 1145 3795 offerens
1166 3737 1196 3794 in
1216 3735 1302 3793 delic-

213 3833 306 3890 torum
331 3843 492 3894 nostrorum
522 3836 762 3895 satisfactionem:
790 3854 843 3894 nec
872 3835 949 3893 enim
975 3835 1060 3893 habet
1092 3838 1121 3893 in
1154 3835 1304 3892 defunctos

214 3939 392 4006 potestatam.

251 4033 322 4088 250.
345 4030 386 4090 Ut
398 4031 488 4090 valeat
499 4032 690 4112 Indulgentia,
705 4053 790 4092 causa
810 4051 890 4106 aequa
904 4042 932 4090 et
944 4033 992 4108 pia
1011 4031 1171 4103 requiritur,
1186 4046 1303 4105 propor-

212 4130 319 4189 tionem
332 4129 440 4188 habens
453 4149 519 4192 cum
539 4133 596 4192 fine
610 4134 659 4205 qui
673 4133 859 4210 proponitur:
883 4131 934 4188 sed
955 4149 1014 4189 non
1034 4130 1158 4204 exigitur
1177 4137 1209 4186 ut
1230 4144 1302 4203 opus

209 4229 371 4308 injunctum
399 4230 437 4288 sit
456 4230 537 4290 valde
564 4231 695 4292 arduum.
738 4233 789 4290 Sic
814 4231 977 4307 nuperrime
999 4228 1145 4316 concessit
1169 4225 1305 4286 Pontifex

461 4435 503 4500 (l)
523 4433 610 4484 Theol.
621 4433 711 4498 Dogm.
722 4435 769 4484 vol.
781 4433 815 4484 iii.
827 4437 894 4482 tract
906 4430 956 4480 xiii
968 4445 992 4495 p.
1004 4431 1062 4480 377.

254 4530 331 4591 Vor..
346 4531 485 4592 tlt-22
