3144 5192
276 533 335 591 248
566 526 768 588 CANONES
790 527 1098 588 POENITENTIAE.

317 697 350 756 si
360 697 426 770 quis
439 695 573 774 ligaturas
588 705 635 754 aut
642 696 844 754 fascinationes
854 694 960 764 fecerit,
970 697 1111 773 poenitens
1121 695 1176 752 erit
1189 711 1278 752 annos
1295 693 1375 752 duos

278 811 330 874 per
342 796 483 874 legitimas
497 793 593 853 ferias.

317 894 350 952 δί
364 895 429 968 quis
443 893 594 971 sortilegus
609 893 703 960 fuerit,
718 893 911 968 penitentiam
923 903 988 970 aget
1001 891 1061 950 dies
1076 892 1269 968 quadraginta.

316 993 349 1051 si
363 995 427 1068 quis
442 995 470 1052 in
483 993 638 1060 codicibus,
653 1001 700 1050 aut
713 993 742 1051 in
755 991 856 1049 tabulis
871 1003 946 1050 sorte
960 991 1045 1050 ducta
1057 1011 1101 1052 res
1122 991 1230 1050 futuras
1250 991 1377 1064 requisi-

279 1093 342 1160 erit,
357 1094 498 1170 poenitens
512 1093 565 1150 erit
577 1091 638 1148 dies
652 1090 846 1166 quadraginta.

318 1192 489 1269 Respiciens
504 1190 575 1248 surta
589 1190 617 1248 in
632 1188 794 1256 astrolabio,
809 1189 889 1247 annis
903 1187 1024 1248 duobus.

316 1291 349 1349 Si
363 1291 427 1362 quis
437 1290 558 1347 clericus
567 1288 611 1346 vel
626 1287 795 1358 monachus,
807 1299 958 1366 postquam
972 1288 1037 1347 Deo
1051 1289 1169 1356 voverit,
1179 1286 1214 1347 ad
1229 1287 1374 1346 saeculum

275 1388 398 1455 redierit,
410 1388 604 1465 poenitentiam
613 1397 678 1465 aget
691 1406 780 1446 annos
793 1387 903 1455 decem,
915 1405 1036 1460 quorum
1047 1395 1103 1446 tres
1114 1389 1144 1447 in
1158 1405 1232 1464 pane
1246 1395 1274 1444 et
1283 1405 1373 1459 aqua.

277 1655 413 1714 Cononer
421 1663 586 1734 spectantes
592 1663 717 1734 peceato
727 1662 832 1716 contro
842 1655 1006 1716 secundum
1015 1653 1164 1734 Decologn'
1171 1662 1370 1734 pracceptum.

314 1879 495 1952 Quicumque
515 1880 611 1937 sciens
627 1879 804 1956 pejeraverit,
820 1879 1006 1958 quadraginta
1018 1879 1080 1938 dies
1094 1883 1124 1940 in
1138 1899 1210 1957 pane
1230 1890 1259 1937 et
1278 1898 1369 1953 aqua,

276 1991 305 2040 et
324 1990 436 2056 septem
458 1989 610 2052 sequentes
631 1996 722 2036 annos
742 1979 887 2055 poeniteat,
911 1989 939 2038 et
959 1999 1105 2052 nunquam
1126 1981 1164 2038 sit
1190 1979 1251 2038 sine
1274 1981 1370 2056 poeni·

276 2080 374 2146 tentia,
401 2088 429 2136 et
454 2097 600 2150 nunquam
626 2079 657 2135 in
683 2079 879 2136 testimonium
904 2080 1074 2156 recipiatur;
1108 2087 1175 2157 post
1198 2077 1258 2136 haeo
1285 2097 1367 2137 com·

274 2178 440 2236 munionem
454 2177 582 2252 recipiat.

314 2276 373 2343 Qui
387 2275 542 2352 perjurium
557 2277 585 2334 in
595 2275 729 2334 Ecclesia
743 2276 850 2345 iecerit,
866 2277 1058 2354 poenitentiam
1071 2288 1135 2354 aget
1148 2295 1237 2336 annos
1251 2276 1364 2334 decern.

312 2374 371 2443 Qui
392 2377 487 2434 sciens
501 2378 612 2455 pejerat
625 2375 733 2435 domini
748 2377 882 2454 impulsu,
898 2378 1039 2454 penitens
1057 2378 1110 2434 erit
1129 2376 1365 2453 quadragesimas

283 2487 350 2544 tres,
365 2487 393 2535 et
405 2475 488 2534 serias
503 2475 661 2553 legitimas:
684 2475 817 2535 dominus
837 2487 929 2534 autem
943 2476 1009 2549 quia
1019 2478 1165 2554 praecepit,
1180 2475 1367 2552 quadraginta

278 2574 338 2635 dies
352 2579 468 2652 inpane
483 2585 511 2632 et
524 2593 607 2647 aqua,
619 2583 648 2631 et
660 2584 770 2651 septem
786 2585 938 2647 sequentes
952 2593 1053 2633 annos.

312 2675 423 2746 Siquis
438 2673 532 2730 sciens
547 2673 723 2749 pejeraverit,
739 2673 868 2745 aliosque
883 2675 912 2731 in
926 2675 1083 2751 perjurium
1103 2674 1257 2741 induxerit,
1272 2675 1363 2750 poeni·

272 2781 333 2829 tens
345 2772 398 2828 erit
407 2770 468 2827 dies
480 2769 664 2846 quadraginta
672 2771 701 2828 in
716 2789 790 2845 pane
801 2781 828 2828 et
841 2791 924 2844 aqua,
937 2784 966 2830 et
979 2784 1089 2850 septem
1099 2783 1249 2846 sequentes
1259 2790 1360 2843 annos,

271 2879 299 2928 et
312 2887 365 2947 per
378 2877 419 2928 tot
432 2869 558 2946 perjuria
566 2869 718 2946 jejunabit,
731 2881 800 2942 quot
813 2870 944 2930 homines
959 2873 989 2931 in
1002 2874 1159 2952 perjurium
1170 2871 1321 2931 induxerit.

310 2969 344 3026 si
357 2969 421 3042 quis
434 2985 485 3046 per
498 2968 682 3046 cupiditatem
698 2971 855 3048 perjurium
870 2971 978 3040 feeerit,
990 2974 1115 3031 carinam
1127 2973 1156 3030 in
1170 2979 1363 3050 pane-etaqua

269 3069 398 3147 jejunet:
420 3068 503 3137 item,
518 3069 542 3127 si
563 3069 626 3142 quis
647 3088 699 3146 per
719 3070 902 3148 cupiditatem
922 3072 1099 3149 pejeraverit,
1115 3089 1216 3130 omnes
1235 3089 1281 3130 res
1295 3089 1361 3128 suas

271 3168 385 3238 vendet,
401 3181 429 3228 et
447 3170 621 3246 pauperibus
642 3168 799 3238 distribuet,
815 3179 843 3228 et
863 3172 1064 3229 monasterium
1085 3171 1230 3248 ingressus
1246 3171 1311 3248 jugi
1330 3187 1361 3226 se

270 3270 443 3345 poenitentiae
459 3268 570 3327 subdet.

309 3365 414 3427 Nota:
438 3367 553 3436 Carina,
567 3374 693 3426 uocatur
704 3367 864 3447 jejunium
877 3369 910 3428 in
927 3388 1007 3448 pone
1022 3376 1049 3428 et
1062 3388 1142 3448 oque
1156 3388 1213 3448 per
1232 3367 1361 3447 quodra-

270 3467 360 3544 ginta
374 3467 438 3526 dies
446 3490 459 3538 3
482 3466 644 3526 diciturne
659 3465 741 3536 aliis,
757 3488 868 3536 carena,
883 3481 1034 3528 carentena
1047 3480 1076 3527 et
1088 3469 1281 3548 quadragena.
1318 3517 1321 3524 ,

260 3643 263 3650 1
308 3567 414 3637 Siquis
425 3575 549 3633 coactus,
561 3566 785 3639 necessitateque
797 3568 851 3625 alia
862 3569 1002 3644 impulsus
1011 3571 1167 3647 perjurium
1178 3568 1359 3634 commiserit,

255 3665 300 3744 ¹in
312 3664 477 3737 poenitentia
490 3665 543 3721 erit
557 3665 782 3740 quadragesimis
797 3667 896 3724 tribus.

307 3758 395 3829 Item,
406 3761 503 3831 siquis
514 3773 627 3820 coactus
643 3763 821 3839 pejeraverit,
832 3765 971 3840 poenitens
984 3771 1034 3825 40.
1049 3767 1149 3826 dicbus
1163 3786 1236 3844 pane
1247 3776 1275 3824 et
1288 3785 1360 3839 aqua

268 3861 386 3929 victitet,
402 3880 435 3918 ao
448 3869 583 3936 praeterea
597 3861 729 3920 omnibus
743 3865 832 3922 sextis
847 3863 935 3923 feriis.

307 3962 416 4036 Siquis
430 3959 576 4030 seductae,
592 3961 736 4039 ignorans,
751 3973 779 4020 et
792 3972 890 4040 postea
910 3967 1068 4043 cognoscit,
1083 3967 1277 4043 paenitentiam
1293 3973 1355 4042 aget

267 4080 371 4121 annum
386 4081 485 4128 unum,
500 4063 545 4119 vel
560 4061 791 4140 quadragesimas
805 4073 871 4132 tres,
887 4066 932 4123 vel
946 4065 1006 4123 dies
1021 4065 1217 4142 quadraginta.

307 4162 365 4229 Qui
385 4161 532 4239 compellit
546 4161 630 4219 alium
645 4171 676 4219 ut
695 4163 797 4221 salsum
814 4165 901 4241 juret,
917 4165 1101 4241 quadraginta
1113 4165 1173 4223 dies
1188 4166 1217 4223 in
1232 4180 1315 4241 pane,
1330 4171 1359 4218 et

269 4279 351 4333 aqua,
367 4270 395 4317 et
408 4270 518 4338 septem
535 4279 623 4319 annos
638 4261 666 4318 in
681 4264 846 4338 poenitentia
859 4263 920 4321 erit.

296 4355 337 4415 ‘Si
352 4361 416 4430 quis
428 4378 458 4417 se
465 4361 653 4437 jurejurando
661 4363 854 4430 obstrinxerit,
866 4371 897 4420 ut
905 4381 968 4420 cum
979 4362 1073 4435 aliquo
1082 4363 1182 4441 litiget,
1192 4379 1245 4421 nee
1253 4377 1352 4437 pacem

265 4475 330 4518 cum
351 4475 386 4514 eo
406 4460 581 4528 reconciliet,
597 4462 791 4537 poenitentiam
812 4472 876 4540 aget
895 4461 956 4519 dies
977 4461 1158 4542 quadraginta
1191 4464 1220 4522 in
1240 4477 1315 4540 pane
1329 4468 1357 4516 et
