3172 5172
429 554 488 615 D'E
509 551 803 615 EUCHARISTIA
823 554 1131 616 MINISTRANDA.
1281 561 1318 616 81

223 723 331 804 judicis
345 722 449 791 officio,
463 723 533 780 dum
546 720 687 780 distribuit
699 721 921 791 Eucharistiam,
934 722 1016 800 fungi
1030 723 1126 792 vellet,
1141 741 1178 782 ex
1200 722 1319 782 scientia

228 821 405 881 occultorum
418 823 571 881 criminum
585 803 729 896 quemque
743 841 795 899 pro
809 823 853 880 sui
864 823 952 881 animi
962 823 1137 883 conscientia
1144 822 1320 900 repulsurus.

233 923 296 980 “Si
310 919 409 990 verd,'’
422 922 517 995 inquit
531 921 563 978 S.
578 921 719 990 Thomas,
733 929 753 957 ‘⁴
763 941 820 980 non
840 930 906 981 sunt
919 922 1061 981 manifesti
1082 931 1254 1002 peccatores,
1269 920 1321 981 sed

231 1021 344 1090 occulti,
359 1039 414 1079 nou
436 1030 532 1100 potest
551 1021 594 1080 eis
615 1022 773 1098 petentibus
795 1040 876 1080 sacra
895 1023 1060 1082 communio
1081 1022 1230 1100 denegari:
1254 1039 1321 1080 cum

231 1122 308 1178 enim
322 1121 444 1194 quilibet
456 1121 629 1180 christianus
640 1139 677 1181 ex
690 1121 745 1180 hoo
759 1122 823 1199 ipso
836 1120 912 1195 quod
926 1131 971 1180 est
983 1121 1151 1199 baptizatus,
1165 1122 1203 1182 eit
1220 1121 1325 1182 admis-

232 1238 281 1278 sus
294 1220 330 1278 ad
344 1219 531 1280 Dominicaur
545 1239 685 1288 mensam,
701 1240 758 1280 non
778 1229 874 1298 potest
895 1221 922 1279 ei
938 1223 987 1300 jus
1001 1241 1085 1282 suum
1106 1221 1177 1290 tolli,
1192 1221 1247 1280 nisi
1267 1239 1319 1298 pro

231 1319 325 1394 aliqua
338 1339 425 1378 causa
437 1315 638 1379 manifesta.”l
677 1320 712 1380 In
732 1318 974 1380 administratione
994 1321 1107 1398 publiea
1125 1321 1213 1399 hujus
1229 1338 1322 1382 sacra·

235 1421 324 1477 menti
343 1417 443 1479 fideles
464 1439 566 1479 omnes
586 1429 739 1478 censentur
760 1419 849 1497 digni,
863 1420 919 1479 nisi
939 1421 1112 1480 contrarium
1130 1429 1234 1498 pateat,
1256 1437 1323 1480 nam

237 1520 387 1592 “quisque
407 1520 571 1579 naturaliter
590 1521 770 1596 presumitur
789 1517 917 1578 bonus.’'
950 1519 1033 1579 Ideo
1053 1520 1145 1599 magis
1170 1519 1325 1580 dicendum

237 1619 347 1689 quoties
373 1619 525 1698 indignitas
546 1619 705 1678 accedentis
726 1638 764 1678 ex
785 1619 966 1678 confessione
986 1621 1148 1690 innotescit,
1169 1638 1225 1693 qua
1244 1619 1324 1679 nullo

237 1734 353 1792 prorsus
368 1728 449 1795 pacto
461 1720 503 1778 uti
515 1715 593 1787 licet,
607 1721 637 1778 in
650 1719 814 1795 penitentis
828 1737 990 1796 gravamen,
1005 1721 1046 1779 uti
1058 1737 1096 1779 ex
1112 1718 1225 1780 decreto
1239 1719 1325 1779 lnno·

237 1817 322 1875 centii
334 1817 388 1876 XI.
403 1828 521 1878 constat.
564 1827 585 1856 “
595 1819 664 1878 Non
678 1819 846 1878 nominatim
860 1827 954 1896 potest
973 1839 1038 1880 enm
1052 1837 1200 1879 removere
1218 1837 1325 1877 acom-

236 1917 404 1986 munione,'’
419 1919 458 1977 ita
469 1919 523 1978 Jus
537 1919 632 1987 habet,
648 1919 746 1977 “licet
766 1919 838 1976 sciat
857 1937 922 1977 eum
943 1915 1007 1990 esse
1028 1937 1119 1986 mum,
1134 1919 1201 1992 quia
1219 1936 1277 1976 non
1295 1925 1326 1974 ut
1405 1937 1409 1946 ·

232 2014 321 2092 judex
334 2019 397 2086 soit,
412 2019 465 2078 sed
477 2028 509 2076 ut
521 2014 653 2077 Deus.’'²
694 2019 784 2077 Nullo
797 2017 904 2077 idcirco
918 2027 1060 2095 praetextu
1073 2017 1186 2076 aliunde
1207 2017 1327 2091 quaesito

237 2125 328 2191 potest
340 2117 476 2194 denegari
488 2127 716 2186 sacramentum
737 2137 790 2177 nee
804 2118 903 2177 notitia
916 2127 995 2176 extra
1007 2117 1217 2178 confessionem
1230 2116 1328 2176 habita

236 2215 330 2274 utica
351 2217 504 2276 occasione
524 2218 601 2288 licet,
615 2220 671 2278 nisi
692 2219 834 2296 ejusmodi
854 2237 906 2295 per
930 2236 962 2276 se
985 2219 1022 2277 sit
1042 2237 1104 2292 quae
1130 2216 1327 2277 certitudinem

237 2315 346 2390 pariat:
363 2315 460 2390 quain
471 2317 657 2393 reprudentia
671 2320 798 2378 maxima
807 2328 836 2376 et
848 2316 958 2376 cautela
967 2335 1040 2394 opus
1053 2326 1113 2385 est;
1124 2326 1153 2377 et
1160 2318 1328 2395 plerumque

239 2423 354 2489 praestat
366 2415 474 2474 nnllam
488 2416 550 2494 ejus
563 2416 667 2475 habere
679 2419 827 2477 rationem.
846 2416 1096 2489 Quotiescumque
1103 2417 1182 2474 novit
1194 2413 1328 2474 sacerdos

239 2521 319 2571 extra
332 2513 546 2576 consessionem
566 2516 686 2596 alicujus
711 2517 919 2596 indignitatem,
934 2533 1020 2589 quem
1043 2513 1156 2591 publice
1182 2513 1217 2572 ad
1238 2531 1328 2571 sacra-

239 2623 335 2672 menta
356 2634 538 2675 accessurum
559 2617 649 2686 novit,
663 2617 781 2695 expedit
799 2627 831 2676 ut
850 2618 885 2676 ab
905 2616 969 2694 ejus
987 2613 1127 2676 audienda
1147 2611 1329 2674 confessione

239 2714 385 2785 abstineat,
400 2717 425 2774 si
439 2717 511 2775 alios
522 2725 626 2793 praesto
637 2717 674 2775 sit
686 2717 829 2786 sacerdos,
839 2736 876 2777 ne
884 2714 1086 2784 calumniandi,
1098 2715 1144 2773 vel
1152 2711 1328 2794 suspicandi,

237 2810 320 2873 detur
338 2817 462 2876 occasio.
505 2816 575 2875 Non
595 2817 680 2876 debet
698 2817 831 2877 sacerdos
851 2815 1061 2898 Eucharistiam
1074 2797 1237 2875 ministrans
1253 2811 1330 2892 angi,

240 2914 266 2970 si
279 2915 382 2973 viderit
396 2917 527 2993 juniores
543 2925 623 2975 aetate
637 2917 683 2975 vel
702 2917 805 2976 inentis
825 2916 1000 2986 infirmioris,
1014 2913 1159 2984 accedere,
1173 2935 1247 2988 qnos
1267 2916 1331 2990 ipse

240 3021 320 3089 putat
342 3015 391 3072 vix
412 3013 531 3074 idoneos
556 3025 633 3074 tanto
659 3029 837 3076 sacramento
863 3015 1068 3091 suscipiendo:
1090 3015 1136 3071 vel
1162 3014 1232 3072 alios
1259 3029 1331 3086 quos

241 3113 355 3191 ignaros
368 3122 396 3173 et
409 3114 486 3173 haud
498 3115 550 3172 rite
563 3125 676 3191 paratos
689 3116 843 3185 arbitratur,
854 3125 883 3174 et
895 3133 967 3187 quos
979 3132 1016 3172 ex
1028 3111 1186 3190 ignorantia
1197 3120 1226 3170 et
1238 3127 1332 3169 errore

243 3213 377 3272 accedere
392 3215 527 3273 aestimat:
549 3233 615 3273 nam
630 3214 860 3292 presumendum
874 3225 918 3273 est
930 3231 1031 3273 ornnes
1040 3211 1152 3291 judicio
1166 3208 1334 3270 confessarii

243 3312 354 3370 habitos
376 3331 440 3372 esse
465 3313 597 3383 idoneos,
619 3313 695 3388 quod
715 3333 829 3389 aequum
851 3313 1027 3374 censendum
1050 3321 1120 3371 est*
1146 3310 1289 3370 Ceterum
1308 3310 1334 3367 si

243 3412 403 3482 haereticos,
419 3413 464 3472 vel
478 3431 583 3491 pueros
597 3415 778 3474 consessione
791 3413 868 3473 haud
880 3415 1021 3492 expiatos,
1036 3412 1082 3470 vel
1101 3413 1204 3470 mentis
1218 3426 1334 3487 prorsus

243 3497 300 3572 non
315 3523 464 3592 compotes
478 3514 552 3572 inter
565 3515 797 3573 communionem
809 3523 991 3592 suscepturos
1001 3512 1119 3580 videret,
1130 3529 1180 3570 eos
1194 3507 1335 3588 praeterire

243 3613 335 3671 debet.

284 3716 333 3770 39.
354 3713 401 3771 De
422 3712 583 3772 amentibus
599 3712 668 3771 dicit
688 3712 720 3770 S.
736 3713 887 3772 Thomas:
910 3713 1040 3790 “legitur
1059 3713 1089 3772 in
1103 3709 1225 3770 concilio
1245 3710 1336 3769 Aran-

246 3811 360 3869 sicano:
383 3812 562 3872 ‘amentibus
583 3830 770 3886 quecumque
790 3813 902 3890 pietatis
919 3822 996 3882 sunt,
1011 3809 1184 3871 conferenda
1196 3809 1291 3878 sunt?
1309 3817 1337 3866 et

248 3909 287 3966 ita
300 3918 344 3965 est
355 3911 398 3968 eis
417 3909 621 3972 conserendum
641 3911 697 3971 hoc
717 3921 945 3971 sacramentum:
967 3911 1046 3987 quod
1065 3919 1110 3970 est
1126 3915 1338 3968 sacramentum

248 4005 395 4085 pietatis.‘’
436 4011 583 4088 Deinceps
594 4010 744 4090 distinguit
751 4030 801 4071 eos
812 4012 862 4084 qni
872 4009 1090 4071 debilemusum
1104 4009 1221 4068 rationis
1234 4006 1339 4064 habent

248 4107 284 4166 ab
308 4106 372 4166 aliis
393 4109 496 4182 quiec
518 4129 633 4188 semper
652 4120 812 4172 caruerunt.
854 4111 980 4186 “Aliqui
1002 4109 1136 4170 dicuntur
1156 4124 1214 4164 non
1233 4104 1338 4162 habere

246 4225 332 4267 usum
356 4208 477 4270 rationis
501 4210 670 4290 dupliciter:
695 4230 753 4270 uno
775 4207 873 4278 modo,
893 4211 963 4284 quia
984 4210 1089 4269 habent
1110 4204 1235 4266 debilem
1255 4223 1340 4265 nsum

519 4451 562 4518 (l)
581 4449 615 4500 iii.
626 4448 778 4515 p.qn.lm.
791 4452 835 4497 art.
846 4446 878 4496 ri.
913 4444 990 4514 Resp.

525 4536 569 4602 (2)
589 4533 652 4600 Gap.
663 4533 692 4584 si
702 4532 819 4594 sacerdos,
830 4531 860 4585 de
870 4529 996 4602 offieju'd.
1007 4529 1059 4582 ord.
