3124 5168
531 546 533 550 ¹
569 539 625 600 on
648 537 948 600 sponsoaroue.
1179 607 1182 621 ,
1263 543 1302 598 er

251 711 301 765 54.
331 707 532 766 “Procurator
555 725 613 766 non
643 708 783 766 contrahit
806 708 1005 785 cognationem
1030 706 1206 782 spiritualem
1233 706 1300 775 sibi,

212 807 266 864 sed
280 805 458 864 mandanti.”
499 805 542 864 Ita
555 806 683 864 decisum
697 826 714 863 a
727 807 759 865 S.
776 805 1006 884 congregatione
1030 805 1163 880 resertrrr:
1186 805 1263 877 quod
1275 817 1304 865 et

211 923 371 982 congruum
384 914 428 982 est
438 903 550 971 rationi,
565 923 652 976 quum
666 905 759 963 alieno
772 906 888 964 nominc
902 901 989 980 agat¹

254 1009 302 1061 55.
323 1003 410 1061 Jubet
423 1004 577 1062 concilium
591 1003 811 1062 'l'ridentinum2
835 1003 1006 1080 “parochus
1020 1011 1173 1076 antequam
1187 1002 1223 1060 ad
1235 1004 1302 1081 bap·

214 1103 328 1161 tisinum
342 1102 546 1161 conserendum
560 1101 685 1169 accedat,
706 1101 857 1179 diligenter
879 1103 913 1160 ab
934 1102 980 1168 iis,
1001 1101 1036 1159 ad
1059 1119 1131 1174 quos
1151 1103 1300 1177 spectabit,

213 1183 379 1270 sciscitetur,
395 1220 493 1274 quem,
513 1200 560 1258 vel
582 1219 656 1273 quos
676 1201 822 1277 elegerint,
843 1209 874 1259 ut
893 1201 1066 1276 baptizatum
1079 1199 1115 1258 de
1128 1218 1210 1258 sacro
1224 1200 1301 1260 sonte

214 1301 385 1376 suscipiant3
406 1309 435 1357 et
454 1319 520 1358 eum
539 1299 585 1356 vel
606 1317 656 1356 eos
678 1307 786 1358 tantum
807 1298 842 1357 ad
864 1299 944 1358 illum
964 1299 1177 1374 suscipiendum
1202 1299 1302 1358 admit-

214 1398 285 1455 tat.'’
301 1441 308 1456 .
325 1440 332 1456 .
349 1440 380 1456 ..
407 1397 521 1464 “Quod
544 1399 569 1454 si
590 1398 647 1465 alii,
668 1398 741 1454 ultra
761 1397 933 1472 designatos,
953 1397 1127 1472 baptizatum
1148 1399 1300 1475 tetigerint,

213 1498 413 1574 cognationem
434 1496 609 1573 spiritualem
623 1495 702 1554 nullo
716 1506 800 1572 pacto
814 1491 1030 1556 contrahant.’'²
1069 1496 1102 1553 si
1115 1497 1185 1554 nulli
1197 1497 1303 1556 fuerint

214 1594 356 1674 designati
381 1605 410 1663 et
434 1597 531 1672 plures
558 1596 739 1662 accesserint,
772 1613 873 1653 omnes
899 1595 1097 1671 cognationem
1123 1596 1301 1664 contrahunt,

211 1697 294 1773 juxta
301 1695 351 1771 jus
365 1695 522 1767 antiquum,
537 1693 613 1766 quod
626 1693 681 1751 hac
694 1695 724 1751 in
736 1711 766 1750 re
780 1693 959 1752 immutatum
972 1711 1030 1752 non
1043 1687 1179 1752 ιίᾶεῐιιι.3
1218 1694 1303 1762 Quod

215 1795 241 1851 si
255 1793 395 1869 designati
416 1812 475 1852 non
497 1801 621 1868 tangant,
642 1793 690 1850 alii
710 1790 777 1850 verd
801 1801 926 1870 tangant,
940 1791 982 1860 hi,
996 1811 1055 1851 non
1069 1792 1120 1860 illi,
1135 1792 1304 1851 contrahunt

216 1893 425 1970 cognationem,
444 1893 510 1969 jure
532 1893 647 1964 antiquo
668 1891 754 1950 etiam
768 1901 918 1950 manente:
940 1891 1056 1965 quodsi
1070 1909 1144 1949 unus
1158 1907 1196 1948 ex
1209 1889 1303 1968 desig·

215 1992 289 2049 natis
303 1999 407 2067 tangat,
422 1991 550 2062 aliusque
565 1989 639 2048 haud
660 1990 835 2067 designatus,
850 1991 909 2058 ille,
926 2009 985 2048 non
1003 1989 1061 2058 hic,
1075 2007 1138 2048 eam
1152 1989 1301 2048 contrahit.

218 2089 251 2148 Si
273 2089 370 2167 plures
384 2107 469 2161 quam
483 2087 539 2146 duo
562 2089 667 2146 fuerint
685 2089 836 2167 designati,
857 2098 885 2147 et
906 2107 1007 2148 omnes
1028 2096 1143 2166 tangant
1154 2089 1302 2157 infantem,

218 2207 319 2248 omnes
332 2188 516 2255 contrahunt3
537 2188 637 2246 saltem
658 2189 683 2245 si
697 2207 755 2246 non
768 2196 881 2247 constet
894 2188 957 2260 quis
970 2189 1049 2265 prius
1063 2189 1197 2264 tetigerit.
1240 2196 1259 2225 “
1269 2188 1303 2245 Si

216 2287 359 2364 parochus
373 2286 534 2346 admitteret
547 2285 641 2362 plures
655 2288 783 2361 patrinos
797 2304 883 2357 quam
897 2284 978 2354 duos,
994 2286 1149 2344 mortaliter
1161 2294 1302 2364 peccaret,

217 2387 283 2460 quia
295 2385 408 2444 laederct
421 2391 597 2463 preceptum
616 2382 756 2441 Ecclesiae
776 2383 806 2440 in
825 2401 855 2440 re
871 2384 964 2458 gravi,
981 2384 1146 2459 impositum
1161 2402 1198 2442 ne
1211 2383 1304 2441 multi·

215 2487 355 2564 plicantur
368 2485 565 2562 cognationes.
607 2481 640 2540 Si
656 2479 720 2539 verd
733 2481 830 2558 plures
850 2481 953 2558 patrini
966 2480 1100 2538 accedant
1113 2499 1129 2537 a
1141 2481 1304 2556 parentibus

218 2586 369 2662 designati,
383 2585 456 2642 bene
470 2582 574 2660 poterit
583 2582 745 2657 permittere
757 2579 854 2662 (prout
867 2581 906 2639 ait
926 2579 1017 2638 Croix
1030 2598 1059 2639 n.
1074 2575 1147 2658 350)
1162 2590 1193 2640 ut
1205 2597 1304 2638 omnes

217 2692 348 2762 tangant;
369 2683 455 2741 modo
480 2690 596 2740 externe
623 2671 754 2758 designet
772 2699 861 2739 unum
887 2688 916 2737 et
940 2698 1038 2749 unam,
1065 2679 1168 2752 quibus
1195 2688 1303 2738 tantum

218 2785 309 2842 tradat
321 2781 467 2848 infantem,
481 2790 509 2839 et
521 2781 587 2838 illos
600 2780 679 2838 solos
693 2780 808 2838 adnotet
820 2788 851 2838 ut
863 2778 998 2856 patrinos,
1012 2787 1183 2853 moneatque
1196 2787 1303 2839 tantum

217 2900 268 2941 eos
292 2881 491 2956 cognationem
511 2878 720 2939 contraxisse.”
762 2879 805 2937 Ita
816 2878 848 2936 S.
860 2873 1054 2953 Alphonsus.⁴
1093 2877 1176 2937 Duos
1199 2897 1304 2945 mares,

218 2981 265 3038 vel
290 2979 361 3037 duas
383 2977 512 3036 saeminas
532 2979 567 3036 ad
590 2995 762 3054 sponsorum
783 2990 899 3034 munus
913 2975 1000 3032 simul
1020 2975 1167 3033 admittere
1193 2975 1305 3034 videtur

218 3079 337 3138 venialis
360 3077 453 3154 culpa,
475 3081 501 3137 si
523 3077 581 3136 sint
600 3075 730 3153 ejusdem
750 3093 838 3134 sexus
862 3093 895 3131 ac
919 3072 1031 3140 infans3
1053 3091 1136 3131 secus
1159 3073 1303 3140 mortalis;

219 3197 305 3252 quum
320 3177 474 3254 prohibitio
493 3179 567 3236 facta
589 3177 627 3234 sit
646 3174 681 3232 ad
694 3172 889 3251 impediendas
903 3171 1088 3249 cognationes
1101 3165 1232 3229 nimias.⁵
1271 3170 1305 3228 Si

220 3278 319 3336 unicus
333 3278 370 3334 sit
383 3295 516 3354 sponsor,
530 3274 601 3332 ratio
614 3292 700 3332 sexus
713 3293 772 3332 non
784 3274 913 3332 habetur.

259 3381 307 3434 56.
329 3375 530 3434 Excluduntur
553 3393 569 3430 a
588 3390 759 3449 sponsorum
779 3391 897 3431 munere
910 3369 1053 3438 monachi,
1074 3368 1302 3427 sanctimoniales

219 3484 248 3533 et
260 3475 404 3552 regulares
417 3493 517 3532 omnes
532 3473 667 3530 asaeculo
680 3472 831 3548 segregati,
855 3469 932 3545 quod
951 3469 1037 3527 etiam
1058 3466 1093 3525 de
1106 3469 1142 3526 iis
1156 3468 1205 3541 qui
1218 3468 1305 3524 sacris

220 3574 406 3632 missionibus
420 3582 529 3640 vacant,
544 3565 725 3648 intelligitur3
746 3588 805 3629 non
825 3579 917 3628 autem
932 3568 967 3626 de
980 3569 1125 3646 episcopis
1146 3585 1183 3626 ex
1206 3565 1306 3626 ordine

220 3672 343 3749 regulari
356 3671 527 3748 assumptis:
549 3669 642 3728 valide
662 3680 766 3739 tamen,
788 3670 919 3742 quamvis
937 3669 1044 3736 illicite,
1059 3686 1162 3727 munus
1177 3666 1232 3726 hoo
1245 3685 1306 3724 sus·

220 3771 338 3846 cipiunt.
379 3771 503 3829 lnsames
514 3771 609 3837 etiam,
624 3768 698 3826 sicut
706 3777 738 3848 et
750 3777 884 3845 apostatas
896 3760 1098 3845 repelluntur.⁶

262 3872 311 3925 57.
333 3869 415 3926 Nihil
428 3869 561 3945 prohibet
573 3868 642 3941 quin
656 3868 699 3925 vir
718 3877 746 3924 et
758 3886 832 3926 uxor
845 3867 931 3925 simul
945 3868 1069 3940 aliquem
1083 3865 1118 3923 de
1132 3880 1214 3922 sacro
1227 3862 1306 3919 fonte

220 3947 393 4024 levarent.’'⁷
445 3967 488 4025 Ita
514 3969 545 4025 S.
573 3967 721 4025 Thomas:
752 3967 850 4040 sicque
882 3965 937 4024 fert
961 3961 1147 4029 consuetudo,
1177 3958 1306 4033 quamvis

222 4083 348 4123 canones
362 4065 514 4138 aliqnando
528 4066 556 4124 id
569 4066 717 4124 vetuerint.

257 4253 302 4319 (l)
321 4251 348 4300 S·
359 4251 435 4317 Alph.
446 4252 463 4302 l.
473 4251 505 4300 vi.
517 4268 542 4301 ιι.
555 4253 612 4300 153.
827 4251 869 4315 (2)
888 4247 953 4296 Sese.
963 4245 1031 4295 xxiv.
1042 4258 1094 4307 cap.
1105 4240 1130 4292 ii·
1142 4239 1171 4291 de
1184 4237 1241 4308 Res.

254 4337 296 4402 (3)
317 4337 347 4387 C.
359 4337 401 4386 tin.
413 4335 442 4388 de
454 4351 524 4405 cogn.
535 4335 597 4402 spir.
608 4334 638 4384 in
650 4335 673 4382 6.
828 4333 870 4397 (4)
889 4328 919 4378 L.
931 4330 947 4379 l.
958 4328 990 4377 vi.
1001 4343 1026 4378 n.
1040 4328 1097 4374 154.

255 4422 298 4488 (5)
317 4420 417 4483 ibidem,
428 4437 453 4470 n.
464 4422 524 4469 455.
827 4416 869 4481 (6)
890 4409 953 4462 Vide
964 4411 1013 4461 Rit.
1024 4407 1095 4460 Rom
1186 4427 1190 4435 ·

469 4506 511 4572 (7)
530 4505 560 4556 Iu
571 4503 603 4555 iv.
617 4501 671 4554 dist
685 4499 736 4550 xlii.
748 4514 789 4564 qu.
800 4499 816 4550 i.
828 4504 871 4550 ert.
880 4498 913 4550 iii.
922 4513 963 4562 qu.
974 4496 999 4546 ii.
1011 4495 1041 4548 ad
1051 4497 1076 4547 4.
