3108 5162
284 573 342 632 818
566 565 624 630 DE
644 567 823 630 orulons
844 567 1091 632 CONJUGUM.

282 733 544 814 ruurooujugalir
562 735 773 814 J‘ureoensetur
791 736 853 797 bno
872 735 1007 815 ploraque
1026 736 1252 812 quodammodo
1279 737 1389 796 cohon

282 847 382 906 estare,
410 845 439 896 et
457 852 573 913 gravem
594 835 702 896 auferre
724 835 947 914 turpitudinem.
969 855 1053 896 secus
1078 837 1217 914 plurimis
1244 835 1389 914 perieulis

281 935 481 1016 scrupulisque
507 933 580 994 ioret
606 935 758 996 obnoxius.
800 935 870 996 “Et
890 935 978 1004 hoo,”
1008 937 1100 1011 inquit
1128 936 1160 996 S.
1187 937 1388 1013 Alphonsus,

284 1037 427 1096 “etiamsi
440 1034 543 1111 copula
560 1045 626 1094 tuno
640 1036 711 1112 ipsis
724 1043 801 1092 esset
814 1036 897 1094 uetita
909 1037 947 1108 pb
961 1037 1102 1104 morbum,
1116 1037 1163 1094 uel
1173 1045 1264 1094 esset
1278 1037 1411 1111 impos·

282 1135 374 1196 sibilis
396 1136 433 1195 ob
455 1135 650 1209 impotentiam
669 1152 733 1208 quae
755 1130 1016 1210 supervenisset.”1
1057 1135 1142 1201 Quod
1163 1136 1189 1192 si
1219 1137 1297 1209 quis
1322 1141 1389 1190 voto

282 1235 415 1294 eardutis
436 1251 467 1290 se
488 1232 615 1308 ligasset,
636 1241 703 1290 tuno
717 1231 801 1308 plane
815 1233 906 1292 forent
919 1233 968 1292 illa
980 1235 1077 1292 omnia
1088 1235 1235 1293 mortalia.
1286 1233 1346 1290 Si'
1336 1250 1388 1289 rm-

282 1331 476 1412 pedimentum
490 1331 600 1408 copulo
615 1332 764 1408 proveniat
783 1349 821 1390 ex
833 1331 966 1392 affinitate
979 1332 1024 1390 rel
1038 1333 1206 1410 oognatioue
1221 1329 1387 1410 spirituali,

280 1433 366 1492 ethm
379 1439 446 1490 tune
459 1438 549 1488 ιιιοιιιι
562 1429 728 1508 hujusmodi
742 1432 871 1490 excusari
885 1441 1008 1510 possunt
1020 1451 1036 1488 a
1050 1431 1169 1500 mortali,
1182 1451 1283 1506 quum
1298 1447 1386 1508 poena

280 1531 353 1608 legis
367 1530 404 1588 rit
415 1530 518 1586 striato
532 1529 779 1606 interpretationis.

322 1633 389 1688 107.
412 1625 536 1696 Quando
548 1628 707 1704 perieulum
727 1629 920 1705 pollutionis
912 1648 943 1687 ru
963 1645 1006 1696 se,
1028 1627 1095 1687 vel
1088 1628 1219 1687 inaltero
1232 1625 1383 1706 praevide·

281 1739 334 1797 tur,
348 1727 493 1786 difficilius
516 1737 689 1784 excusantur
708 1735 798 1786 motus
811 1727 975 1805 hUJusmodi
989 1747 1005 1785 a
1018 1726 1097 1803 gravi
1110 1735 1241 1802 peccato,
1258 1742 1383 1805 praeser-

281 1829 331 1887 tim
351 1829 376 1886 si
397 1825 544 1886 videantur
566 1825 696 1885 inchoata
715 1826 845 1898 quadam
868 1823 987 1903 pollutio
1008 1824 1042 1982 (ἔ
1050 1835 1134 1902 prout
1152 1836 1228 1887 esset
1254 1826 1380 1902 digitum

281 1928 562 1988 moroseadmorere
588 1927 660 1985 iutra
676 1939 735 1982 vas
756 1922 959 2003 femineum.”)
1009 1923 1205 2001 &Alphonsi
1225 1924 1381 2002 J'udioium

280 2027 430 2085 damusa‘
434 2026 527 2083 ‘Puto
541 2023 713 2100 probabilius
736 2020 898 2091 dicendum,
919 2023 997 2097 quod
1010 2033 1088 2081 aotus
1103 2035 1199 2100 turpes
1214 2024 1297 2082 inter
1308 2039 1376 2081 oon-

276 2126 362 2201 Juges
382 2141 447 2181 oum
470 2123 597 2200 periculo
617 2121 791 2198 pollutionis,
813 2131 869 2179 tam
892 2125 922 2181 in
946 2132 1058 2199 petente
1078 2139 1162 2195 quam
1176 2122 1206 2179 in
1219 2122 1375 2187 reddente,

278 2232 345 2282 sunt
358 2219 512 2280 mortalias
509 2221 585 2279 nisi
600 2221 766 2288 habeantur,
787 2230 819 2280 ut
838 2223 975 2299 conjuges
995 2239 1026 2278 so
1046 2222 1171 2279 excitent
1184 2219 1219 2278 ad
1232 2221 1372 2298 copulam

279 2323 410 2400 proxime
425 2329 597 2388 secuturam,
616 2321 683 2394 quia
702 2339 768 2380 cum
785 2322 842 2398 ipsr
834 2321 891 2378 'ad
904 2321 1065 2397 copulam
1053 2337 1103 2397 Jus
1116 2319 1246 2388 habeant,
1263 2321 1375 2379 habent

279 2423 363 2480 etiam
373 2422 422 2499 J'us
436 2417 470 2478 ad
485 2419 553 2479 tales
567 2429 655 2490 aeuus,
677 2421 789 2478 tametsi
808 2420 926 2497 pollutio
940 2437 990 2495 per
1003 2419 1135 2477 accidens
1149 2419 1284 2497 copulam
1298 2435 1371 2495 prae·

279 2522 381 2579 veniat.
416 2521 505 2576 Actus
519 2517 585 2576 verd
599 2519 719 2596 pudicos
733 2520 818 2577 etiam
832 2537 935 2578 censeo
948 2537 1013 2576 esse
1029 2518 1164 2586 mortalia,
1180 2519 1205 2576 si
1218 2518 1289 2576 fiant
1302 2533 1370 2575 oum

278 2619 405 2696 periculo
417 2617 584 2694 pollutionis
598 2618 628 2674 iu
640 2635 682 2685 se,
693 2617 739 2674 vel
751 2617 781 2674 in
794 2617 891 2685 altero,
902 2636 970 2676 earu
982 2636 1039 2690 quo
1052 2618 1210 2676 habeantur
1222 2617 1258 2674 ob
1271 2617 1366 2676 solam

277 2718 461 2792 voluptatem,
485 2713 530 2770 vel
549 2715 634 2771 etiarn
654 2715 691 2771 ob
710 2714 804 2772 levem
825 2733 959 2775 oausam:
981 2735 1065 2775 aeuus
1085 2718 1111 2776 si
1124 2717 1160 2774 ob
1173 2733 1289 2774 oausam
1304 2733 1367 2792 gra·

276 2833 350 2880 vem,
365 2821 432 2890 puta
444 2813 470 2868 si
484 2809 637 2882 aliquando
657 2811 730 2870 adsit
752 2827 857 2890 urgens
878 2832 964 2873 eausa
977 2815 1144 2874 ostendendi
1160 2814 1265 2873 iudicia
1278 2813 1365 2872 affec·

205 2923 210 2933 '
274 2925 319 2970 tus
334 2911 369 2970 ad
382 2909 535 2970 fovendum
551 2918 680 2969 mutuum
690 2930 828 2980 amorem,
840 2913 884 2970 vel
894 2923 925 2972 ut
933 2915 1041 2992 conjux
1051 2924 1156 2972 avertat
1168 2915 1364 2991 suseipiouem

275 3014 310 3074 ab
323 3012 420 3079 altero,
434 3011 511 3084 quod
524 3011 586 3087 ipse
600 3011 637 3068 sit
647 3029 714 3088 erga
727 3012 810 3070 aliam
827 3031 979 3088 personam
993 3031 1162 3090 propensus.
1205 3011 1362 3072 Probabili-

276 3125 317 3172 ter
330 3113 428 3171 dieunt
441 3109 583 3178 Sanohez,
598 3111 729 3180 Bossius,
744 3123 772 3169 et
785 3112 930 3170 Esoobar:
953 3113 1001 3170 ‘in
1015 3111 1159 3180 reddente,
1174 3120 1262 3170 taetus
1276 3113 1361 3170 etiam

275 3211 446 3289 impudicos,
462 3211 518 3270 nisi
531 3210 588 3268 sint
600 3210 670 3268 tales
684 3219 714 3266 ut
727 3210 872 3270 videantur
885 3211 1016 3270 inchoata
1035 3211 1165 3288 pollutio,
1180 3229 1244 3268 esse
1258 3211 1360 3276 licitos,

192 3385 195 3391 Ι
275 3311 405 3384 quamvis
419 3311 492 3370 adsit
505 3309 662 3386 periculum
676 3309 841 3385 pollutionis
861 3312 890 3370 in
914 3311 1058 3379 alterutro,
1072 3313 1140 3384 quia
1153 3320 1219 3368 tuno
1238 3309 1359 3368 reddens

275 3411 322 3468 dat
342 3427 458 3487 operam
481 3409 521 3467 rei
540 3408 634 3476 lioitae,
656 3408 690 3467 ad
712 3429 797 3482 quam
818 3411 955 3488 obligatur
974 3419 1089 3488 propter
1103 3412 1152 3488 jus
1165 3411 1296 3484 petentis,
1311 3405 1360 3482 qui

276 3511 387 3565 tametsi
401 3518 510 3583 peceat,
523 3525 582 3566 nou
596 3516 690 3566 tamen
706 3509 756 3584 jus
770 3510 879 3577 amittit,
901 3529 966 3568 oum
986 3510 1071 3586 eulpa
1083 3528 1114 3567 se
1129 3517 1222 3567 teneat
1234 3527 1271 3566 ex
1281 3517 1357 3584 parte

274 3605 426 3681 personae!
437 3599 473 3632 ”²
499 3595 669 3662 'Immittere
690 3606 823 3680 pudenda
836 3608 865 3664 in
880 3627 913 3666 os
927 3609 1024 3666 uxoris
1038 3609 1122 3667 etiam
1136 3607 1237 3676 obiter,
1253 3606 1358 3666 videtur

273 3708 419 3778 peecatum
441 3699 556 3758 mortale
584 3709 672 3758 “tum
694 3705 761 3775 quia
781 3706 811 3762 in
830 3705 886 3763 hoo
908 3715 971 3764 autu
991 3708 1029 3764 ob
1053 3709 1176 3766 calorem
1197 3708 1255 3766 oris
1281 3704 1359 3763 adest

273 3799 435 3879 proximum
450 3798 607 3876 perieulum
629 3801 804 3876 pollutionis,
825 3811 884 3861 tum
899 3806 965 3877 quia
979 3806 1041 3864 haeo
1055 3825 1150 3884 perse
1165 3807 1274 3865 videtur
1286 3823 1358 3863 nova

273 3903 385 3981 speeies
397 3901 517 3960 luxuria
532 3909 629 3957 ooutra
641 3909 768 3960 naturam
791 3900 877 3983 (diota
896 3904 932 3961 ab
951 3905 1092 3979 aliquibus
1111 3898 1357 3982 ιιιιιιιιιιοιιό.)”3

322 4007 388 4060 108.
410 4003 519 4061 'Paetus
545 4008 641 4077 turpes
668 3995 832 4080 suiipsius,
860 4005 983 4082 conjuga
1010 4007 1135 4074 absente,
1164 4007 1212 4064 vix
1238 4009 1357 4081 possunt

273 4118 367 4160 carere
390 4103 515 4178 periculo
536 4101 668 4177 proximo
688 4102 862 4178 pollutionis,
876 4103 997 4176 ideoque
1011 4105 1179 4181 plerumque
1193 4103 1358 4162 damnantur

272 4201 383 4277 peooati
396 4201 529 4260 mortalis.
572 4209 591 4236 ‘⁴
601 4200 696 4269 Ratio,
719 4213 777 4260 tum
799 4204 865 4277 quia
885 4204 991 4280 conjux
1011 4205 1167 4262 nonhabet
1188 4204 1237 4281 jus
1261 4221 1312 4279 per
1325 4219 1355 4258 se

271 4300 301 4386 in
315 4300 460 4374 proprium
476 4317 589 4375 eorpus,
604 4300 654 4358 sed
670 4310 775 4360 tanturn
790 4321 841 4378 per
853 4301 983 4360 accidens
996 4323 1100 4380 nempe
1118 4312 1237 4371 tautum,
1252 4311 1283 4360 ut
1294 4318 1358 4378 pos·
1399 4293 1403 4296 ’

300 4515 350 4583 (l)
369 4511 399 4560 L.
408 4512 440 4560 vi.
451 4529 476 4562 ιι.
488 4515 544 4562 9³3.
672 4517 714 4583 (2)
734 4517 832 4576 Ibidem,
844 4535 868 4566 n.
881 4520 938 4566 934.
1060 4524 1101 4586 (3)
1121 4518 1219 4580 ibidem,
1232 4535 1257 4568 n.
1270 4519 1327 4568 9³5..

1507 3078 1513 3105 ι

1510 3128 1513 3163 1
