3172 5172
593 519 650 576 DE
672 515 980 578 OON'I'RITIONE.

691 1171 833 1234 CAPUT
853 1168 892 1231 ΙΙ.

654 1389 694 1429 DE
715 1387 931 1429 consumans.

290 1553 337 1607 13.
353 1546 494 1610 Contritio
504 1549 636 1610 definitur
649 1557 670 1585 “
680 1550 768 1608 animi
781 1548 863 1609 dolor
872 1568 905 1607 ac
918 1545 1066 1610 detestatio
1080 1552 1115 1612 de
1129 1566 1247 1632 peccato
1260 1577 1338 1622 com·

250 1650 340 1709 misso
354 1667 419 1706 cum
431 1651 579 1727 proposito
592 1668 650 1709 nou
662 1648 801 1728 peccandi
810 1649 845 1707 de
859 1643 1008 1708 caetero.”¹
1048 1652 1117 1713 Vim
1131 1657 1209 1714 vocis
1220 1657 1337 1732 pulchre

250 1749 375 1826 explicat
387 1748 419 1804 S.
434 1748 581 1808 Thomas:
604 1749 678 1808 “ille
701 1749 751 1820 qui
773 1749 803 1806 in
821 1755 876 1807 ‘suo
896 1761 982 1807 sensu
1003 1763 1175 1826 perseverat,
1189 1756 1298 1833 rigidus
1311 1769 1340 1817 ct

251 1846 346 1915 dunis,
361 1865 414 1923 per
425 1848 642 1908 similitudinem
657 1857 790 1908 vocatur:
812 1849 885 1907 sicut
904 1846 1005 1908 durum
1019 1851 1049 1909 iu
1063 1853 1254 1912 materialibus
1268 1856 1337 1916 dici·

183 1961 188 1967 ·
250 1957 302 2015 tur,
317 1945 394 2021 quod
407 1966 465 2004 non
479 1947 553 2006 cedit
576 1948 669 2006 actui:
691 1946 767 2005 unde
781 1955 809 2004 et
819 1947 911 2024 frangi
931 1947 1034 2007 dicitur
1052 1950 1166 2024 aliquis,
1187 1955 1302 2026 quando
1322 1977 1338 2014 a

251 2065 303 2104 suo
316 2065 403 2104 sensu
417 2045 568 2126 divellitur.
612 2046 671 2106 Sed
684 2047 758 2105 inter
770 2036 935 2106 fractionem
955 2057 984 2107 ct
996 2051 1262 2122 comminutionem,
1277 2056 1337 2114 sive

251 2146 456 2214 contritionem,
471 2147 501 2204 in
512 2147 599 2205 rebus
613 2145 804 2233 materialibus
819 2143 906 2226 (unde
920 2145 981 2206 haec
1003 2151 1121 2209 nomina
1133 2151 1168 2210 ad
1181 2153 1340 2230 spiritualia

250 2242 467 2321 transferuntur)
481 2243 538 2302 hoc
555 2246 690 2303 interest.
705 2287 711 2302 .
725 2243 839 2318 ..quod
859 2244 951 2321 frangi
964 2246 1096 2307 dicuntur
1108 2249 1211 2322 aliqua,
1226 2253 1340 2325 quando

251 2344 283 2400 in
296 2361 413 2418 magnas
432 2351 525 2418 partes
539 2328 718 2402 dividuntur:
739 2343 790 2402 sed
803 2345 960 2403 comminui
974 2346 1019 2404 vel
1038 2349 1155 2414 conteri,
1170 2350 1285 2421 quando
1305 2350 1341 2408 ad

253 2449 346 2518 partes
367 2441 501 2527 minimas
521 2442 662 2501 reducitur
687 2443 762 2514 quod
782 2443 812 2501 in
833 2461 865 2500 se
888 2442 1013 2503 solidum
1039 2455 1107 2502 erat.
1149 2445 1191 2503 Et
1216 2449 1284 2520 quia
1304 2449 1338 2506 ad

253 2540 450 2599 dimissionem
464 2543 575 2616 peccati
589 2543 747 2615 requiritur,
762 2542 838 2616 quod
852 2542 984 2601 affectum
999 2545 1110 2621 peccati
1123 2545 1210 2603 homo
1219 2547 1340 2605 totaliter

250 2638 381 2726 dimittat,
391 2658 476 2714 quem
486 2658 537 2716 per
546 2641 686 2714 quandam
702 2643 917 2701 continuitatem
932 2651 959 2700 et
972 2644 1178 2705 soliditatemin
1187 2663 1240 2704 suo
1253 2664 1340 2706 sensu

250 2722 387 2798 habebat.
409 2739 475 2798 ideo
495 2750 573 2798 actus
593 2741 650 2810 ille,
673 2760 730 2814 quo
749 2751 900 2818 peceatum
920 2741 1077 2812 dimittitur,
1092 2745 1223 2804 contritio
1237 2746 1339 2806 dicitur

254 2856 304 2914 per
300 2835 582 2898 similitudinem&

295 2941 342 2994 14.
363 2935 503 3018 Perfecta
516 2938 617 2997 dicitur
631 2939 773 3007 contritio,
788 2941 900 3012 quoties
920 2958 956 2997 ex
976 2939 1033 2999 Dei
1053 2941 1204 3000 dilectione
1225 2953 1341 3019 propter

254 3054 285 3093 se
299 3038 403 3095 oritur:
424 3035 608 3118 imperfecta,
623 3039 648 3095 si
662 3057 698 3096 ex
712 3036 917 3114 suppliciorum
932 3048 1019 3106 metu,
1042 3039 1087 3096 vel
1100 3027 1209 3115 peccati
1223 3042 1341 3116 turpitu-

254 3134 319 3194 dine
332 3137 527 3214 conoipiatur;
543 3157 606 3212 quae
620 3147 713 3196 tamen
724 3136 821 3196 odium
832 3137 940 3214 peccati
953 3146 981 3194 et
991 3137 1169 3214 propositum
1183 3155 1265 3196 novae
1278 3140 1343 3198 vitae

255 3235 397 3294 includere
412 3234 503 3304 debet,
517 3247 549 3295 ut
571 3236 662 3295 valeat
684 3235 719 3294 ad
742 3237 855 3295 veniam
875 3240 906 3296 in
928 3245 1104 3299 sacramento
1124 3237 1341 3316 impetrandam.

256 3331 398 3393 Contritio
411 3335 544 3411 perfecta,
560 3354 623 3409 quae
637 3345 733 3394 votum
748 3337 917 3394 sacramenti
930 3335 1089 3406 necessarib
1110 3336 1237 3405 includit,
1258 3337 1343 3397 etiam

256 3441 319 3491 ante
332 3433 401 3492 illud
414 3445 580 3512 susceptum
594 3436 706 3494 veniam
721 3435 853 3510 impetrat
865 3445 893 3493 et
905 3437 1022 3512 gratiam
1036 3436 1194 3513 poenitenti,
1208 3455 1273 3494 nam
1288 3445 1344 3496 tota

256 3533 343 3592 animi
355 3533 510 3593 afflictione
524 3553 591 3594 eum
605 3535 741 3606 quaerenti
752 3527 832 3593 Deus
847 3553 910 3592 eam
923 3534 1065 3611 pollicitus
1080 3545 1133 3594 est.
1176 3535 1226 3592 Sic
1236 3537 1344 3613 populo

255 3632 452 3702 Israeliticos
444 3653 475 3692 ιιι
501 3642 600 3711 gentes
627 3651 727 3692 omues
753 3635 790 3692 ob
817 3635 935 3693 crimina
961 3634 1161 3715 dispergendo,
1176 3635 1249 3694 dixit
1274 3638 1344 3695 olim

257 3731 398 3808 Moyses.
425 3731 534 3791 “Oum
562 3732 709 3807 quaesieris
733 3733 772 3791 ibi
799 3732 958 3793 Dominum
977 3735 1072 3795 Deum
1100 3745 1189 3830 tuum,
1215 3736 1344 3794 invenies

257 3847 339 3888 eum:
351 3819 397 3955 3ἐἰ
427 3841 521 3890 tamen
542 3841 599 3889 toto
626 3831 710 3890 corde
732 3834 889 3906 quaesieris,
913 3843 942 3891 et
962 3837 1018 3892 tota
1041 3835 1218 3893 tribulatione
1244 3835 1346 3890 animae

257 3919 362 3986 tuae.”3
414 3929 492 3989 Hinc
521 3930 675 3990 concilium
708 3930 908 3990 Tridentinum
936 3934 1052 4009 agnovit
1071 3934 1235 4008 contingere
1259 3947 1346 4006 posse

255 4036 286 4086 ut
302 4030 386 4087 venia
404 4030 581 4108 impetretur,
602 4040 751 4112 antequam
772 4039 981 4090 sacramentum
1002 4043 1064 4088 actu
1086 4030 1267 4105 suscipiatur,
1288 4044 1347 4086 non

256 4137 350 4188 tamen
376 4129 483 4205 absque
509 4132 573 4207 eJ'us
605 4137 690 4189 voto:
727 4127 849 4187 “Docet
877 4129 931 4188 etsi
957 4128 1155 4187 contritionem
1187 4125 1267 4183 hanc
1300 4127 1348 4183 ali-

361 4337 403 4404 (l)
424 4336 502 4388 Ocno.
513 4337 581 4387 Trid.
594 4336 658 4386 Sess.
671 4336 719 4386 xiv.
731 4352 752 4386 c.
764 4335 796 4384 iv.
805 4336 836 4384 de
846 4335 930 4400 poenit.

360 4423 404 4488 (2)
423 4423 511 4486 Suppl.
522 4423 556 4473 iri.
567 4438 591 4488 p.
604 4437 645 4487 qu.
657 4423 673 4473 i.
684 4427 726 4471 art.
738 4421 754 4470 i.
794 4421 867 4488 Resp.
1037 4419 1080 4488 (3)
1100 4419 1173 4471 Deut.
1186 4421 1217 4471 iv.
1229 4423 1270 4470 29.

296 4518 375 4578 Vor..
390 4519 528 4578 lli-1³
