3172 5172
308 542 366 604 DE
380 541 435 603 118
449 541 550 610 QUAE
562 541 618 601 lu
633 539 902 602 OELEBRANI).
914 539 1238 608 REQUIRUNTUR.
1262 544 1316 600 lll

228 717 262 768 ut
274 709 365 788 ipsius
385 709 540 769 sacerdotis
554 719 583 768 et
601 709 701 787 populi
714 709 873 768 assistentis
886 707 985 768 oculos
999 703 1165 786 effugiat.”¹
1206 716 1226 746 ‘⁴
1236 707 1319 768 Crux

168 795 173 801 ’
230 827 317 885 parva
343 827 408 868 cum
434 810 557 886 imagine
583 809 712 868 crucifixi
734 810 826 885 posita
851 825 939 884 super
964 808 1188 878 tabernaculum,
1209 808 1239 867 in
1259 825 1318 882 quo

230 891 392 968 asservatur
411 909 551 967 inclusum
572 909 784 966 sanctissimum
805 917 1014 966 sacramentum
1034 909 1064 966 in
1085 909 1175 976 altari,
1196 927 1255 967 non
1273 917 1319 966 est

229 1007 411 1068 sufficiensin
421 1007 583 1076 Missa‚sed
591 1006 887 1084 ponidebetaliacrux
896 1007 925 1064 in
934 1003 1320 1066 mediocandelabrorum.”²

229 1105 263 1164 In
279 1107 471 1167 Missionibus
492 1117 586 1165 tamen
600 1107 753 1165 necessitas
766 1105 834 1163 facit
845 1115 877 1163 ut
888 1125 959 1164 crux
972 1106 1137 1166 adhibeatur
1149 1124 1207 1165 uon
1221 1106 1319 1166 admo·

228 1204 296 1263 dum
322 1225 446 1284 magoa3
470 1206 522 1266 sed
548 1204 702 1265 curandum
722 1214 754 1262 ut
779 1213 917 1276 quatenus
942 1206 1005 1264 fieri
1031 1205 1133 1282 possit,
1153 1207 1192 1264 sit
1210 1206 1319 1283 populo

229 1306 401 1388 conspicua:
435 1325 500 1364 uam
527 1304 714 1382 praelaudatus
740 1303 876 1362 Pontifex
902 1303 1044 1362 decrevit:
1074 1305 1167 1362 “sine
1191 1305 1318 1382 imagine

226 1403 366 1474 crucifixi,
382 1424 445 1478 quaa
468 1404 589 1482 pendeat
608 1423 624 1461 e
645 1422 739 1471 cruce,
759 1421 820 1462 rem
842 1402 969 1462 divinam
988 1404 1051 1463 fieri
1071 1422 1128 1462 nou
1148 1422 1246 1480 porse,
1261 1403 1318 1462 nisi

228 1505 384 1562 necessitas
392 1503 604 1562 intervenerit.'’
627 1501 815 1561 Damnandus
830 1503 912 1560 nobis
922 1521 980 1562 non
989 1501 1100 1560 videtur
1112 1502 1316 1562 Missionarius

228 1601 280 1675 qui
293 1603 385 1660 crucis
399 1622 485 1679 parva
504 1604 629 1679 imagine
641 1620 754 1660 coronae
775 1602 811 1659 B.
826 1601 955 1678 Virginis
968 1619 1096 1678 appensa
1109 1601 1139 1660 iu
1149 1603 1317 1660 necessitate

227 1701 332 1757 utitur:
354 1701 404 1758 sed
415 1711 526 1778 oportet
537 1701 611 1760 hanc
632 1718 790 1776 precavere
811 1701 1018 1759 necessitatem.
1061 1701 1094 1759 Si
1104 1701 1184 1759 nulla
1195 1702 1315 1770 omuino

227 1799 343 1874 reperiri
370 1802 461 1877 possit
483 1819 564 1868 crux,
586 1798 697 1858 videtur
722 1817 860 1858 excusare
887 1801 1054 1868 necessitas,
1074 1799 1189 1873 quando
1214 1800 1316 1858 fideles

226 1898 353 1970 alioquin
380 1901 474 1958 Missa
499 1909 636 1958 carerent.
688 1899 722 1956 Si
747 1898 877 1957 crucifixi
902 1899 998 1975 imago
1023 1900 1053 1958 in
1079 1898 1173 1957 tabula
1197 1900 1315 1977 majoris

227 1995 321 2056 altaris
342 1999 380 2057 sit
399 1998 521 2076 depicta,
535 1982 582 2057 vel
601 1998 732 2056 crucifixi
752 2008 854 2065 statua,
875 2016 961 2055 cruce
982 1999 1068 2056 altera
1087 2017 1161 2074 opus
1182 2017 1240 2057 non
1260 2008 1314 2068 est,

224 2099 357 2167 quamvis
370 2098 550 2157 laudabiliter
562 2096 739 2156 adhibeatur.
781 2097 926 2173 Exposita
940 2097 1036 2156 SSmo
1050 2098 1235 2156 Sacramenta
1244 2116 1316 2157 crux

227 2197 307 2270 poni,
321 2197 367 2256 vel
380 2197 483 2264 omitti,
498 2199 610 2272 poterit,
624 2215 676 2272 pro
690 2195 872 2255 ecclesiarum
887 2215 977 2254 more.

268 2298 336 2352 102.
358 2296 478 2353 Missale
487 2297 540 2354 sub
550 2296 629 2371 gravi
637 2305 753 2372 peccato
766 2294 960 2354 adhibendum
970 2304 1030 2353 est:
1046 2305 1151 2354 temere
1161 2297 1238 2354 enim
1250 2298 1315 2368 quis

227 2393 373 2478 memoriae
387 2392 487 2450 fideret
499 2395 529 2452 in
544 2395 613 2451 tanti
627 2395 756 2470 mysterii
766 2384 975 2469 celebratione:
991 2392 1069 2466 quod
1078 2394 1104 2450 si
1113 2413 1180 2452 casu
1192 2392 1314 2462 deficiat,

225 2489 378 2565 aliquando
398 2493 528 2551 excusari
542 2494 644 2568 poterit
666 2495 714 2566 qui
738 2493 871 2562 celebrat,
892 2493 1015 2570 Anglica
1034 2510 1097 2565 quae
1118 2492 1316 2550 circumfertur

226 2589 288 2667 ejus
301 2592 432 2650 versione
445 2601 528 2650 utens
551 2591 587 2649 ad
608 2595 773 2650 memoriam
796 2591 963 2669 juvandam.
1006 2590 1252 2652 Communissima
1270 2605 1316 2649 est

226 2692 366 2750 sententia
378 2690 554 2750 sacerdotem
567 2693 618 2764 qui
626 2689 701 2749 cerui
710 2692 828 2750 novitse
842 2691 918 2751 haud
927 2691 1010 2751 facile
1020 2693 1160 2770 memoria
1168 2690 1316 2768 lapsurum

226 2791 366 2858 excusari,
380 2791 406 2848 si
418 2789 566 2849 deficiente
580 2790 706 2858 Missali,
722 2791 862 2849 celebret:
884 2791 935 2850 sed
949 2792 1118 2868 plerumque
1138 2791 1210 2850 liber
1227 2809 1314 2867 appo·

225 2887 392 2968 nendusest
404 2908 441 2947 ne
454 2889 553 2948 fideles
573 2891 720 2948 mirentur.
755 2890 813 2956 Qui
830 2889 975 2948 debilioris
994 2899 1039 2950 ert
1058 2893 1147 2959 visus,
1162 2889 1315 2962 aliquando

226 2986 467 3063 dispensationem
481 2989 583 3066 accipit
595 2977 767 3056 celebrandi,
781 2988 833 3046 sed
846 3007 887 3046 cae
901 2990 1006 3065 apponi
1015 2989 1313 3056 solentconditiones3

226 3095 245 3122 ‘⁴
256 3085 333 3159 quod
346 3106 403 3146 non
417 3089 455 3147 sit
467 3089 584 3147 omnino
597 3106 700 3157 caecus,
715 3096 743 3146 et
753 3088 916 3146 memoriter
925 3105 984 3148 non
996 3087 1125 3146 recitet”
1168 3087 1256 3144 Oaeco
1264 3087 1314 3144 vix

224 3185 350 3258 unquam
364 3187 480 3246 facultas
494 3187 656 3246 celebrandi
671 3187 846 3246 conceditur.
889 3185 1032 3246 Oussinus
1052 3184 1256 3264 supponendus
1270 3193 1315 3242 est

224 3284 347 3352 Missali‚
362 3287 407 3343 vel
425 3287 510 3364 legile
536 3288 600 3364 ejus
626 3287 701 3346 loco.
743 3286 778 3345 In
798 3287 985 3345 missionibus
1012 3297 1104 3344 autem
1128 3284 1205 3344 haud
1230 3285 1312 3344 facile

224 3381 321 3442 haberi
334 3395 436 3461 potest.

266 3487 333 3542 103.
353 3492 373 3522 “
382 3485 477 3544 Altare
492 3485 580 3561 pallio
590 3503 704 3557 quoque
718 3492 843 3551 ornetur,
854 3484 958 3544 coloris
972 3483 1065 3556 quoad
1078 3485 1140 3542 lieri
1153 3491 1247 3560 potest
1255 3481 1314 3541 diei

221 3579 306 3650 festo,
321 3584 365 3642 vel
378 3584 476 3643 officio
489 3583 718 3643 convenientis.”
760 3584 803 3642 lta
817 3585 975 3661 praescribit
984 3585 1126 3644 Rubrica:
1141 3592 1321 3662 quapropter¹

223 3683 423 3758 antependium
437 3684 491 3742 rub
503 3692 620 3761 peccato
633 3683 738 3742 veniali
750 3685 856 3757 requiri
869 3693 966 3744 censet
986 3685 1018 3743 S.
1039 3685 1208 3763 Alphonsus
1219 3679 1252 3760 2³,
1263 3702 1313 3744 ex-

222 3779 365 3855 cipiuntur
390 3793 483 3842 tamen
510 3783 607 3842 altaria
632 3801 670 3842 ex
696 3777 847 3842 marmore.
902 3785 989 3862 Apud
1009 3803 1063 3844 nos
1085 3785 1145 3845 fere
1170 3803 1314 3869 nusquam

224 3877 383 3938 adhibetur.

266 3979 334 4034 lot.
357 3979 527 4040 “Parentes
546 3981 678 4058 arnpullae
699 3983 794 4040 vitrea
814 3983 874 4040 vini
894 3992 922 4041 et
944 4001 1024 4055 aquae
1044 4000 1110 4040 cum
1130 3979 1272 4057 pelvicula
1284 3988 1314 4036 et

221 4077 442 4154 manutergiof’*
474 4081 579 4138 Vitreae
600 4080 733 4158 ampulla
756 4082 898 4158 argenteis
924 4090 991 4140 sunt
1009 4077 1207 4144 anteferenda,
1223 4095 1312 4156 quum

220 4174 318 4235 vinum
341 4177 376 4236 ab
397 4198 470 4252 aqua
495 4178 607 4238 facilius
627 4181 656 4238 in
676 4181 712 4239 iis
739 4179 938 4258 distinguatur.
980 4179 1015 4238 ln
1035 4177 1307 4237 missionibusvasa

220 4291 409 4350 quacumque
423 4277 600 4337 adhibentur.

323 4436 367 4503 (ι)
386 4436 461 4487 rom.
472 4436 497 4487 u.
508 4438 568 4488 buu.
578 4454 602 4505 p.
617 4441 674 4489 125.
843 4438 886 4504 (a)
906 4422 933 4486 ε’.
945 4435 993 4487 itit
1007 4435 1086 4500 cong.
1099 4451 1139 4487 an.
1152 4437 1225 4486 reus.
1248 4471 1252 4475 .

428 4550 430 4554 -
649 4522 693 4588 (a)
712 4519 889 4578 Laecam.
