3144 5192
261 519 322 575 aas
520 508 578 570 nn
600 488 795 568 uuunnn'
806 505 1095 570 consessurus

263 677 388 759 prodest.
429 675 464 736 In
484 675 593 736 ceteris
613 676 772 754 ignorantia
790 691 854 750 qum
868 674 970 734 dicitur
989 675 1163 736 invincibilis
1183 685 1278 751 potest
1296 675 1357 736 dis·

262 776 399 844 simulari,
412 775 438 834 si
451 793 488 834 ex
509 775 664 836 monitione
677 775 773 852 gravia
787 773 953 834 immineant
972 775 1056 844 mala,
1070 776 1111 834 uti
1124 775 1194 834 olim
1207 775 1358 852 respondit

262 876 447 939 Innocentius
468 875 523 934 111.
545 876 732 952 interrogatus
758 873 794 933 de
817 873 1009 947 quodamqui
1030 874 1181 934 bonafide
1207 877 1356 934 consortio

263 977 365 1036 marito
387 975 538 1042 fruebatur,
553 975 619 1034 licet
639 971 874 1051 impedimentum
900 972 1042 1032 occultum
1063 974 1206 1032 obstaret:
1229 975 1357 1033 “Dissi-

263 1076 371 1136 mulare
386 1075 502 1153 peteris,
516 1082 547 1132 ut
560 1083 703 1131 remaneat
716 1074 745 1130 in
766 1073 869 1149 copula
882 1075 924 1132 sic
938 1082 1091 1142 contracta,
1106 1092 1171 1132 cum
1191 1090 1227 1130 ex
1241 1091 1357 1151 separa-

263 1176 352 1243 tione,
376 1175 450 1232 sicut
481 1171 594 1239 essens,
620 1190 706 1248 grave
739 1171 836 1230 videas
869 1171 1035 1232 scandalum
1067 1168 1264 1232 imminere.”¹
1318 1173 1356 1232 Si

264 1273 412 1352 penitenti
432 1271 488 1347 ipsi
508 1271 627 1329 monitio
640 1272 769 1330 videatur
782 1271 858 1330 haud
871 1272 1027 1347 profutura,
1038 1273 1132 1330 omitti
1145 1271 1259 1349 poterit,
1268 1273 1357 1348 Juxta

263 1373 296 1430 S.
320 1371 511 1447 Alphonsum.
567 1369 743 1430 “Sententia
771 1361 933 1429 communis
961 1381 990 1429 et
1014 1389 1082 1430 vera
1107 1370 1200 1440 dccet,
1223 1370 1303 1444 quod
1328 1373 1357 1429 si

262 1471 402 1550 poenitens
421 1469 528 1529 laborat
547 1469 706 1548 ignorantia
718 1469 884 1546 inculpabili
899 1468 971 1549 (sive
995 1470 1033 1528 sit
1048 1469 1124 1547 juris
1145 1470 1273 1537 humani,
1289 1471 1353 1528 sive

262 1566 363 1645 divini)
378 1579 405 1626 et
418 1588 476 1627 non
491 1580 618 1646 speratur
632 1569 748 1638 fruetus,
763 1569 822 1627 imo
835 1567 988 1645 prudenter
996 1569 1144 1646 judicatur¹
1159 1569 1277 1627 monitio
1293 1569 1356 1627 fore

263 1668 354 1746 magis
367 1667 509 1736 obfutura,
524 1686 608 1739 quam
624 1669 779 1744 profutura,
795 1675 860 1726 tunc
881 1669 1071 1726 confessarius
1092 1677 1226 1745 potestat
1245 1677 1357 1726 tenetur

261 1787 324 1830 eam
335 1769 476 1835 omittere,
490 1766 677 1839 relinquendo
692 1769 877 1844 poenitentem
890 1767 920 1825 in
932 1768 1072 1826 sunbona
1086 1761 1193 1826 fide.”²

302 1871 373 1928 219.
394 1867 418 1926 Ι.
441 1876 461 1903 “
473 1867 505 1924 Si
516 1867 707 1926 confessarius
722 1867 833 1929 noverit
842 1867 1026 1942 penitentem
1039 1865 1163 1926 invalide
1176 1867 1355 1925 contraxisse

262 1967 473 2028 matrimonium
489 1968 525 2025 ob
538 1964 653 2040 aliquod
672 1965 909 2041 impedimentum
924 1966 1078 2035 oecultum,
1092 1976 1121 2024 ct
1141 1966 1300 2042 periculum
1315 1965 1354 2022 sit

262 2068 396 2134 insamiae,
411 2065 546 2133 scandali,
562 2075 610 2122 aut
630 2065 851 2131 incontinentiae,
865 2065 891 2122 si
912 2065 1068 2124 nullitatem
1087 2065 1266 2133 manifestem
1287 2075 1355 2123 tunc

261 2165 344 2224 debet
360 2164 490 2222 omittere
503 2165 700 2232 monitionem,
714 2175 743 2223 et
761 2163 841 2223 illum
864 2164 1025 2237 relinquere
1038 2165 1068 2228 in
1088 2163 1244 2231 bonafide,
1258 2162 1352 2222 donec

264 2265 424 2324 obtineatur
437 2263 632 2341 dispensatior
654 2264 710 2322 nisi
724 2264 899 2340 dispensatio
913 2263 948 2322 de
966 2263 1053 2332 facili,
1067 2271 1096 2322 et
1114 2265 1208 2322 statim
1229 2262 1352 2322 obtineri

262 2365 354 2444 possit
373 2365 408 2422 ab
434 2364 555 2422 habente
582 2365 754 2430 facultatem,
781 2373 809 2421 et
834 2365 919 2422 etiam
945 2363 979 2422 ab
1006 2363 1144 2442 episcopo
1170 2361 1258 2444 (recte
1284 2361 1352 2420 dicit

262 2461 391 2543 Peleus)
403 2473 433 2521 ut
445 2465 581 2524 liberetur
594 2466 735 2542 poenitens
745 2484 761 2520 a
770 2474 887 2539 peccato
901 2462 1070 2528 materiali.''
1113 2463 1157 2522 Ita
1170 2461 1202 2521 S.
1218 2462 1348 2540 Alphon·

262 2557 338 2622 sus.³
370 2563 536 2622 Monendus
556 2574 599 2620 est
612 2573 705 2621 autem
726 2564 750 2619 si
771 2562 846 2620 sama
869 2563 981 2640 publica
1004 2563 1217 2624 matrimonium
1242 2561 1351 2620 nullum

263 2681 327 2720 esse
341 2661 451 2720 habeat.

298 2763 370 2818 220.
392 2758 431 2817 ΙΙ.
454 2759 488 2816 Si
508 2767 606 2835 agatur
625 2759 661 2816 de
682 2759 863 2817 matrimonio
883 2760 1086 2830 contrahendo,
1101 2761 1269 2838 plemmque
1290 2778 1350 2818 mo·

261 2856 372 2916 nendus
393 2865 437 2914 est
453 2857 593 2934 poenitens
607 2857 820 2935 impedimenti:
844 2858 927 2917 facile
950 2861 1027 2919 enim
1042 2861 1188 2938 continget
1200 2871 1231 2918 ut
1250 2867 1349 2936 postea

261 2958 407 3036 detegatur
431 2977 497 3016 cum
518 2977 622 3035 magno
648 2957 736 3035 prolis
760 2957 940 3032 detrimento,
962 2960 1008 3016 vel
1034 2978 1099 3018 cum
1126 2969 1203 3018 certo
1224 2956 1352 3036 periculo

261 3059 372 3136 peccati
386 3057 524 3118 formalis.
558 3057 643 3126 Quod
657 3059 682 3116 si
695 3058 790 3116 nullus
804 3069 933 3134 speretur
946 3059 1063 3127 fructus,
1078 3067 1191 3135 praestat
1203 3060 1299 3126 silere,
1313 3075 1350 3115 nc

261 3161 375 3218 occasio
389 3157 470 3218 detur
492 3159 611 3235 peccati,
626 3159 733 3230 absque
748 3157 805 3216 ulla
824 3159 954 3217 utilitate.
986 3158 1029 3218 ,si
1050 3159 1217 3216 advenerint
1231 3160 1294 3236 jam
1315 3155 1350 3214 ad

261 3258 412 3317 eeclesiam
433 3257 645 3317 matrimonium
666 3258 844 3325 contracturi,
866 3276 931 3316 cum
952 3257 1139 3333 plurimorum
1164 3259 1309 3324 comitatu,
1323 3265 1353 3314 et

261 3357 403 3423 occultum
417 3356 563 3434 detegatur
575 3357 823 3433 impedimentum,
838 3356 909 3415 adeo
922 3365 953 3414 ut
966 3356 1021 3415 nisi
1035 3357 1193 3416 celebretur
1206 3357 1350 3414 matrimo-

260 3457 350 3524 nium,
365 3457 544 3532 suspiciones
558 3455 746 3528 scandalaque
760 3458 856 3532 gravia
866 3458 970 3515 oritura
982 3456 1049 3525 sint,
1063 3456 1158 3533 plures
1173 3457 1271 3514 dicunt
1283 3474 1351 3513 con·

262 3555 412 3612 fessarium
427 3553 462 3610 de
476 3573 511 3612 eo
523 3553 607 3612 silere
628 3553 740 3622 debere,
756 3561 785 3610 et
798 3574 920 3631 sponsos
933 3557 962 3613 in
973 3556 1048 3614 bona
1060 3556 1117 3615 fide
1131 3556 1302 3628 relinquere,
1324 3557 1350 3612 si

259 3652 376 3710 omnino
390 3650 554 3726 desperetur
566 3651 601 3709 de
621 3653 711 3710 fructu
732 3655 908 3713 monitionis
951 3653 1199 3715 communissime
1219 3674 1288 3714 vero
1302 3654 1350 3712 alii

259 3750 388 3808 doctores
400 3758 429 3806 et
441 3748 669 3826 probabilissime
690 3749 795 3808 docent
813 3754 843 3811 in
866 3771 901 3812 eo
921 3773 988 3811 casu
1003 3774 1089 3830 posse
1103 3757 1272 3832 episcopum
1294 3753 1351 3811 dis·

259 3867 389 3930 pensare,
405 3848 471 3922 quia
483 3857 613 3906 censetur
626 3848 761 3908 Pontifex
775 3852 851 3909 nolle
864 3855 1084 3913 reservationem
1098 3855 1153 3914 sibi
1168 3855 1269 3913 factam
1284 3870 1349 3911 cum

258 3960 336 4010 tanto
352 3949 516 4027 gravamine
530 3967 701 4025 sponsorum
715 3949 860 4009 obtinere:
883 3971 968 4025 quam
982 3954 1143 4014 facultatem
1166 3973 1217 4031 pro
1238 3952 1350 4012 casibus

260 4051 332 4110 adeo
352 4049 515 4111 difficilibus
536 4047 660 4126 delegari
680 4067 767 4127 posse
787 4052 918 4128 parochis
938 4053 1023 4112 etiam
1037 4055 1207 4130 generaliter
1220 4051 1350 4112 nonnulli

257 4160 396 4210 censent:
432 4152 492 4210 imo
518 4150 624 4222 absque
645 4147 821 4227 delegatione
842 4152 997 4228 parochum
1024 4172 1124 4229 posse,
1148 4155 1174 4212 si
1194 4155 1349 4231 episcopus

327 4381 371 4450 (1)
391 4380 421 4429 0.
434 4380 501 4440 Quis
512 4381 581 4442 circs,
593 4380 622 4434 de
633 4382 800 4450 masengeio.
1038 4386 1080 4452 (2)
1100 4383 1130 4434 L.
1142 4383 1174 4434 vi.
1186 4400 1210 4434 n.
1223 4385 1281 4433 610.

681 4468 723 4533 (a)
743 4466 912 4526 miramon.
