3108 5162
304 543 363 602 Μ
574 533 631 594 DE
652 531 827 592 NATURA
848 530 1122 592 MATRIMONII.

303 711 442 782 potestate
456 701 501 762 usi
514 700 604 760 luisse
614 699 755 767 dicuntur,
767 697 881 771 quando
899 699 965 757 boni
977 699 1084 775 publici
1098 698 1263 777 plurimum
1276 699 1408 758 intererat

303 813 334 862 ut
354 802 449 880 proles
471 808 648 860 nasceretur:
671 798 841 856 “Summus
863 797 1031 866 Pontifex,”
1046 799 1137 870 inquit
1158 797 1191 854 S.
1216 797 1405 873 Alphonsos,

304 911 465 974 “tanquam
481 897 592 960 Christi
605 898 747 964 Vicarius,
762 898 808 956 cui
821 897 949 974 regimen
969 897 1109 956 Ecclesiae
1129 905 1173 954 est
1191 898 1404 960 commissum,

303 1001 377 1060 bene
391 1009 486 1078 potest
505 1018 572 1058 cum
588 999 665 1075 justa
684 1015 771 1056 causa
790 995 954 1072 dispensare
975 997 1004 1054 in
1025 995 1167 1069 aliquibus
1188 1013 1261 1069 qnae
1285 1003 1356 1052 sunt
1375 990 1406 1048 de

299 1101 365 1176 jure
379 1099 487 1166 divino,
502 1109 531 1158 st
544 1098 685 1156 humanos
698 1103 777 1154 actus
788 1087 1012 1154 concernunt.”¹

600 1329 626 1404 §.
644 1328 682 1386 V.
724 1325 772 1386 De
794 1345 885 1386 onero
906 1346 1094 1386 conrnscru.

344 1521 392 1576 50.
421 1518 495 1577 Ante
515 1517 670 1576 adhibitam
690 1517 865 1594 diligentiam
886 1527 918 1575 ut
937 1517 1040 1574 veritas
1061 1515 1217 1594 detegatur,
1236 1515 1401 1574 nullatenus

303 1619 370 1676 licet
382 1616 520 1675 dubitanti
534 1615 569 1674 de
593 1616 800 1694 impedimento
814 1616 963 1676 dirimente
985 1617 1196 1674 matrimonium
1215 1613 1400 1678 contrahere,

304 1729 409 1776 temere
423 1717 498 1774 enim
513 1733 543 1772 se
557 1715 694 1792 objiceret
707 1717 835 1792 periculo
849 1725 1010 1774 contractus
1024 1715 1113 1774 irriti:
1136 1715 1184 1774 sed
1199 1733 1232 1772 re
1248 1714 1400 1790 diligenter

304 1817 471 1892 investigata
484 1815 626 1892 plerisque
637 1813 747 1873 videtur
760 1816 971 1874 matrimonium
985 1815 1049 1872 iniri
1063 1833 1159 1892 posse,
1170 1816 1195 1872 si
1209 1814 1319 1891 opinio
1328 1810 1399 1889 juria

304 1914 448 1992 ejusmodi
467 1915 504 1972 sit
523 1932 609 1988 quam
630 1913 754 1992 theologi
774 1912 859 1992 vulgis
880 1914 986 1973 habent
1005 1913 1091 1973 veluti
1111 1913 1307 1992 probabilem,
1323 1906 1396 1983 quod

304 2015 414 2073 scilicet
439 2013 673 2089 impedimentum
699 2032 757 2070 non
777 2012 886 2071 subsit:
914 2012 1057 2087 “quando
1083 2015 1160 2072 enirn
1185 2013 1271 2071 adest
1298 2007 1395 2088 opinio

304 2112 457 2188 probabilis
468 2111 503 2169 de
512 2113 589 2189 jure,
603 2111 679 2184 quod
693 2131 750 2169 non
763 2111 855 2169 subsit
867 2111 1114 2188 impedimentum,
1126 2121 1192 2170 tunc
1207 2111 1347 2171 Ecclesia
1360 2124 1394 2165 ex

305 2211 503 2283 antiquissima
515 2208 720 2269 consuetudine
730 2213 912 2287 presumitur
921 2219 1095 2269 contractum
1107 2211 1285 2271 matrimonii
1299 2224 1396 2286 appro-

304 2310 380 2377 bare,
407 2319 436 2367 et
461 2327 545 2368 omne
571 2328 718 2369 removere
750 2310 998 2388 impedimentum,
1024 2320 1055 2367 ut
1081 2312 1274 2369 communiter
1300 2309 1393 2368 dicunt

305 2409 412 2486 prefati
422 2419 549 2468 auctores
561 2429 626 2469 cum
636 2411 710 2480 aliis,
720 2420 747 2468 et
761 2410 928 2486 iuscprobat
941 2407 1088 2466 Cardenas
1103 2409 1230 2486 pluribus
1239 2405 1392 2469 decisioni·
1472 2425 1473 2429 ¹

303 2510 356 2566 bus
378 2508 458 2567 Rotae
480 2508 627 2575 Romanae,
642 2529 675 2566 ac
694 2509 861 2582 quibusdam
882 2507 1115 2567 declarationibus
1137 2509 1246 2568 Urbani
1270 2500 1390 2568 Vlll.”²

304 2605 397 2664 sedin
413 2606 563 2664 dubioseu
584 2608 715 2682 positivo,
731 2625 779 2663 seu
802 2607 942 2684 negativo,
957 2607 993 2664 de
1015 2617 1106 2666 morte
1126 2610 1230 2684 prioris
1249 2606 1389 2686 conjugis,

303 2723 360 2762 non
381 2704 446 2761 licet
471 2704 507 2761 ad
528 2704 668 2762 secundas
689 2706 806 2762 transire
826 2707 959 2780 nuptias;
982 2715 1011 2763 et
1035 2707 1059 2763 si
1085 2718 1196 2765 constet
1215 2707 1251 2765 dc
1273 2703 1389 2786 impedi·

303 2812 408 2866 mento,
431 2815 459 2858 et
484 2801 619 2858 dubitatio
642 2803 680 2858 sit
704 2801 739 2858 de
760 2801 984 2879 dispensatione,
1007 2805 1243 2882 impedimentum
1265 2817 1311 2865 est
1334 2821 1389 2861 ser·

303 2897 443 2957 vandumz
478 2900 502 2956 si
525 2909 635 2958 constet
660 2901 696 2959 de
722 2901 945 2979 dispensatione,
972 2913 1001 2961 et
1022 2903 1125 2963 dubius
1149 2905 1187 2963 sit
1211 2907 1274 2983 cjus
1301 2905 1384 2969 valor,

304 2997 435 3057 habenda
457 3009 501 3057 est
524 2999 625 3068 valida,
650 3002 717 3074 quia
736 3003 915 3078 presumitur
934 3022 985 3080 pro
1006 3013 1084 3062 actus
1106 3006 1211 3072 valore,
1227 3007 1254 3062 in
1279 3007 1316 3064 iis
1329 3018 1387 3076 quae

298 3100 372 3178 juris
397 3101 581 3158 ecclesiastici
608 3111 683 3167 sunt,
711 3110 738 3158 et
764 3102 793 3158 in
820 3103 922 3173 quibus
950 3102 1069 3179 proinde
1095 3103 1228 3162 Ecclesia
1254 3103 1383 3183 supplere

302 3213 452 3267 censatum
474 3200 589 3258 nonita
610 3201 638 3257 in
660 3201 693 3258 iis
715 3209 864 3272 quaesunt
882 3201 955 3277 juris
979 3201 1078 3270 divini,
1093 3203 1137 3261 vel
1160 3203 1304 3273 naturalis,
1326 3215 1384 3276 quae

303 3307 471 3376 potestatem
487 3298 627 3357 Ecclesiae
647 3298 798 3358 excedunt.

342 3403 391 3456 51.
412 3397 536 3463 Quando
562 3397 705 3474 probabile
731 3408 775 3457 est
801 3396 1036 3475 impedimentum
1060 3399 1179 3478 dejure
1204 3404 1334 3468 naturali,
1359 3407 1383 3454 el

302 3496 454 3570 probabilis
468 3515 484 3554 c
498 3508 596 3556 contra
616 3497 797 3572 opinioillud
812 3517 869 3556 non
886 3499 1051 3567 subsistere,
1065 3500 1233 3575 plerumque
1253 3501 1384 3560 nonlicet

300 3594 465 3650 contrahere
486 3595 706 3661 matrimonium,
722 3597 788 3668 quia
802 3597 878 3653 valor
891 3600 1057 3656 sacramenti
1073 3599 1285 3674 periclitaretur,
1300 3614 1381 3672 quum

300 3689 431 3746 Ecclesia
442 3708 497 3746 non
510 3691 856 3767 possitimpedimentum,
866 3695 891 3750 si
900 3695 999 3763 subsit,
1010 3697 1117 3755 tollere.
1152 3699 1203 3757 Sic
1212 3701 1237 3757 si
1249 3699 1383 3758 dubitetur

299 3798 391 3847 utrum
412 3787 554 3861 quoddam
576 3790 787 3848 matrimonium
809 3809 906 3850 verum
928 3793 1021 3863 suerit,
1043 3797 1233 3873 probabilibus
1257 3800 1380 3870 utrinque

299 3888 486 3968 pugnantibus
511 3887 677 3955 rationibus,
703 3907 762 3947 non
790 3888 857 3948 licet
883 3911 971 3950 novas
993 3897 1105 3971 nuptias
1128 3897 1208 3954 inire.
1251 3887 1379 3957 ldsacile

299 3990 437 4066 contingit
451 3987 524 4066 apud
542 3990 695 4065 mancipia,
710 4008 773 4064 quae
787 3990 913 4065 pluribus
929 3993 1000 4050 inter
1013 4013 1044 4050 se
1065 3997 1217 4076 connubiis¹
1236 3993 1381 4072 aliquando

297 4091 555 4166 conjunguntur,eo
563 4097 654 4148 tamen
664 4099 746 4167 pacto
757 4100 852 4148 utnon
863 4102 971 4150 constet
981 4093 1098 4166 aliquod
1107 4098 1379 4155 verumconnubium

298 4188 380 4245 abiis
394 4189 505 4246 initum.
548 4189 626 4247 Dicit
639 4189 671 4247 S.
687 4188 854 4266 Alphonsus
875 4192 931 4249 soli
948 4191 1081 4250 Pontifici
1095 4195 1182 4252 licere
1195 4196 1243 4272 jus
1258 4194 1379 4254 divinum

296 4285 349 4341 hac
370 4287 398 4342 in
419 4306 447 4344 re
468 4289 612 4363 explicare
636 4290 665 4346 in
686 4289 861 4366 specialibus
882 4292 1008 4363 ratisque
1029 4310 1122 4350 rerum
1143 4293 1295 4371 adjunctis,
1310 4289 1380 4367 quod

418 4483 460 4546 (r)
481 4483 591 4546 sarpa.
603 4484 619 4532 r.
631 4485 766 4533 venosa
1000 4490 1042 4555 (a)
1062 4487 1198 4549 nicoma,
1210 4492 1268 4540 scr.

1497 3282 1509 3498 ¹

1496 3863 1508 4092 l

1486 4231 1507 4725 l
