3172 5172
415 527 472 586 DE
495 520 792 585 SUSCEPTIONE
813 515 1128 579 EUCHARISTIAE.
1279 515 1317 570 89

228 693 315 752 modo
328 703 444 770 peccata
456 692 579 751 venialia
592 709 651 750 non
664 707 701 746 ex
713 697 771 746 toto
781 685 942 763 impediunt
950 684 1036 760 hujus
1050 679 1219 739 sacramenti
1231 677 1317 736 effec-

229 792 304 862 tum,
314 792 407 851 sedin
421 801 509 869 parte.
551 791 670 849 Dictum
684 797 728 846 est
737 787 814 844 enim
829 783 906 857 quod
919 783 1038 842 effectus
1052 780 1139 858 hujus
1149 777 1317 836 sacramenti

227 908 286 948 non
309 893 401 950 solum
424 902 467 948 est
489 888 602 964 adeptio
622 886 773 954 habitualis
794 884 892 961 gratiae
911 881 958 940 vel
978 879 1140 940 charitatis:
1164 876 1319 935 sedetiam

228 989 356 1062 quaedam
371 989 487 1047 actualis
500 987 616 1046 resectio
630 984 784 1060 spiritualis
798 981 969 1040 dulcedinis.
1012 979 1084 1046 Qua
1098 975 1214 1050 quidem
1227 976 1318 1050 impe-

227 1087 309 1155 ditur,
324 1091 349 1147 si
371 1089 473 1160 aliquis
495 1085 611 1144 accedat
632 1083 667 1140 ad
686 1084 742 1141 hoc
764 1093 982 1145 sacramentum,
1003 1096 1055 1154 per
1068 1084 1185 1153 peccata
1197 1073 1320 1132 venialia

228 1196 321 1244 mente
336 1187 504 1245 distractus:
525 1202 585 1241 non
608 1191 701 1241 autem
722 1180 828 1238 tollitur
847 1187 1031 1255 augmentum
1052 1173 1204 1234 habitualis
1224 1173 1320 1248 gratie

229 1285 272 1342 vel
286 1281 480 1344 charitatis.”¹
521 1279 690 1338 Curandum
704 1287 749 1335 est
762 1279 880 1336 omnino
901 1288 932 1334 ut
952 1293 1032 1334 mens
1053 1274 1088 1332 ad
1102 1272 1251 1330 Christum
1264 1268 1320 1327 lide

228 1383 294 1440 viva
316 1383 462 1448 evehatur,
483 1381 566 1453 eique
587 1377 679 1436 cultus
701 1384 921 1460 presteturpro
946 1391 1057 1430 summa
1076 1374 1139 1449 ejus
1162 1371 1318 1446 majestate,

229 1499 386 1555 precesque
400 1481 580 1557 porrigantur
592 1486 624 1535 ut
637 1476 732 1534 omnis
745 1474 840 1550 gratia
855 1472 968 1532 tollatur
980 1472 1065 1530 obex.

516 1715 542 1788 §.
557 1712 613 1772 Ill.
655 1709 702 1769 Du
722 1727 863 1768 conroms
882 1725 1044 1768 munorum.

273 1889 321 1942 51.
344 1882 531 1942 Continentia
544 1884 574 1941 in
587 1881 757 1959 conjugibus
771 1878 955 1947 desideratur,
966 1881 1051 1957 juxta
1063 1880 1146 1938 Pauli
1160 1881 1322 1950 consilium,

232 1995 262 2041 ut
275 1983 409 2042 orationis
423 2001 509 2040 causa
523 1981 558 2039 ad
572 1990 685 2057 tempus
700 1981 859 2037 abstineant
868 1999 884 2036 a
894 1977 1100 2037 consuetudine
1115 1973 1239 2038 marita.²
1258 1981 1324 2039 Tri·

234 2081 320 2141 duum
334 2080 510 2140 abstinentia
524 2080 649 2138 consulit
662 2078 864 2136 Catcehismus
878 2077 1045 2146 Romanum
1060 2077 1110 2137 sed
1123 2069 1205 2137 nocte
1218 2083 1326 2156 praevia

234 2181 332 2238 saltem
346 2181 487 2238 abstinere
500 2197 531 2236 se
545 2186 668 2257 oportet,
683 2178 739 2236 nisi
753 2177 832 2235 alteri
845 2177 953 2253 petenti
967 2195 1030 2236 mos
1042 2178 1079 2234 sit
1091 2177 1248 2255 gerendus:
1271 2199 1327 2253 qua

235 2281 264 2336 in
278 2298 309 2336 re
323 2297 426 2335 uxores
441 2278 560 2346 maritis,
576 2278 731 2354 prasertim
747 2276 924 2341 acatholicis,
945 2277 1135 2347 obsequentes
1157 2277 1326 2337 solicitiores

237 2395 301 2434 esse
316 2394 373 2434 non
386 2375 475 2434 decet.
517 2376 589 2443 Quae
613 2375 788 2448 frequentius
810 2373 949 2432 accedunt
968 2372 1004 2430 ad
1024 2376 1256 2433 communionem
1270 2394 1328 2433 non

236 2475 341 2534 debent
363 2475 500 2532 voluntati
522 2475 687 2533 maritorum
707 2491 876 2551 repugnare,
901 2491 937 2530 ne
951 2472 1079 2530 molestae
1093 2471 1178 2558 nimis
1193 2473 1249 2530 illis
1263 2491 1328 2531 eva·

236 2574 319 2641 dant3
348 2573 399 2632 sed
421 2591 484 2646 quae
506 2571 579 2642 rard,
594 2575 624 2632 in
647 2574 801 2650 precipuis
815 2573 1013 2630 festivitatibus
1028 2571 1174 2639 accedunt,
1194 2582 1328 2649 poterunt

237 2691 336 2750 preces
363 2672 508 2740 adhibere,
535 2671 587 2730 sed
606 2691 665 2731 non
685 2671 789 2731 debent
808 2672 989 2748 pertinaciter
1008 2689 1149 2729 recusare.
1191 2671 1259 2748 lpse
1280 2674 1329 2747 qui

238 2773 308 2849 petit
321 2773 358 2830 ob
372 2772 461 2848 prolis
476 2770 660 2839 desiderium,
672 2781 728 2829 'uon
739 2769 884 2848 repellitur
898 2791 914 2828 a
926 2773 1144 2830 communione:
1162 2779 1181 2807 ‘⁸
1190 2771 1223 2830 Si
1232 2771 1328 2846 quis,”

241 2872 334 2944 inquit
354 2870 386 2927 S.
403 2870 565 2947 Gregorius.
582 2871 719 2948 Magnus,
742 2878 823 2928 “sua
842 2872 976 2948 conjuge,
1000 2889 1057 2929 uon
1077 2869 1210 2947 cupidine
1231 2873 1331 2948 volup-

240 2970 304 3027 tatis
326 2977 436 3045 captus,
461 2967 511 3026 sed
531 2969 713 3028 solummodo
732 2969 886 3028 liberorum
907 2966 1092 3026 creandorum
1113 2970 1210 3044 gratia,
1225 2971 1329 3027 utitur:

241 3070 304 3144 ipse
330 3065 460 3144 profectb
487 3067 523 3125 dc
549 3067 680 3145 ingressu
707 3067 858 3135 Ecclesiae,
893 3085 943 3124 seu
971 3064 1006 3122 de
1032 3065 1171 3123 sumendo
1204 3067 1332 3142 corporis

156 3217 159 3224 .
241 3166 390 3226 Dominici
411 3167 616 3244 sanguinisque
637 3167 786 3242 mysterio,
808 3184 860 3224 suo
888 3173 931 3222 est
952 3162 1155 3237 relinquendus
1173 3159 1334 3242 judicio.”⁸

179 3284 186 3294 ·
242 3264 338 3341 Culpa
351 3274 445 3323 autem
459 3273 592 3323 censetur
604 3266 723 3323 venialis
737 3265 838 3323 eodem
853 3264 899 3322 die
913 3263 947 3326 ad
961 3263 1172 3324 Eucharisticm
1187 3263 1332 3331 accedere,

243 3382 300 3435 quo
315 3364 390 3436 quis,
405 3363 556 3441 voluptatis
576 3383 672 3432 causa,
698 3363 834 3440 conjugio
848 3372 983 3422 ususest.
1026 3362 1098 3421 “lta
1111 3363 1332 3429 communiter‚”
1409 3363 1411 3371 ⁴

148 3525 154 3537 ‚
242 3463 281 3520 ait
294 3464 428 3532 Autome,
452 3471 512 3522 “ut
525 3472 636 3520 constat
650 3481 687 3520 ex
702 3455 884 3524 Sanohez.'’⁴
924 3460 1055 3520 Reddere
1070 3472 1162 3520 autem
1178 3471 1244 3538 post
1256 3480 1334 3520 com·

242 3564 408 3621 munionem
422 3562 501 3620 nulla
514 3570 558 3646 est
571 3561 672 3638 culpa:
694 3563 754 3620 imo
768 3571 864 3640 petere
878 3561 956 3620 nulla
968 3561 1032 3638 lege
1053 3560 1217 3639 prohibetur
1237 3580 1334 3635 quam-

242 3662 284 3717 vis
299 3655 441 3720 abstinere
455 3659 598 3738 expediat.

282 3763 330 3816 52.
352 3760 410 3828 Qui
431 3760 621 3835 pollutionem
642 3757 758 3817 admisit
777 3760 976 3828 voluntariam,
997 3780 1055 3820 uon
1077 3759 1274 3823 debeteodem
1289 3758 1335 3817 die

244 3854 279 3911 ad
292 3856 504 3916 Eucharistiam
525 3857 671 3925 accedere,
694 3860 806 3920 etiamsi
828 3861 997 3920 contritione
1018 3861 1106 3924 animi
1119 3869 1148 3919 et
1160 3858 1337 3919 absolutione

244 3951 380 4029 deinceps
394 3966 541 4015 assecutus
555 3957 667 4018 veniam
683 3957 821 4024 videatur,
835 3979 901 4021 nam
916 3960 985 4017 tanti
998 3958 1166 4023 sacramenti
1179 3955 1340 4013 reverentia

244 4061 328 4120 vetat,
343 4071 379 4112 nc
393 4055 458 4128 quis
472 4073 599 4115 recensa
618 4067 735 4133 peccato
750 4067 858 4135 patrato
878 4056 948 4120 illud
970 4057 1117 4132 suscipiat,
1160 4053 1238 4110 Hinc
1252 4051 1290 4108 ait
1306 4051 1338 4109 S.

281 4230 323 4295 (1)
344 4227 378 4278 iii.
390 4244 415 4294 p.
427 4245 469 4293 qu.
480 4230 557 4280 lxxix.
569 4238 612 4281 art.
624 4233 674 4282 viii.
925 4233 967 4297 (2)
990 4234 1001 4278 l
1015 4229 1073 4278 Cor.
1085 4227 1125 4288 vii.
1137 4230 1161 4280 5,.

279 4315 322 4380 (3)
343 4313 427 4365 Causa
438 4315 526 4366 xxxiii.
537 4333 581 4381 qu.
592 4318 624 4367 iv.
637 4322 660 4379 §.
671 4318 712 4367 vii.
751 4317 794 4368 Vir
804 4333 862 4369 cum
870 4316 987 4385 propria.

282 4401 325 4466 (4)
344 4400 454 4452 Antoinc
474 4408 543 4453 tract.
555 4403 586 4452 de
598 4402 761 4463 Eucharistie,
773 4419 794 4454 c.
806 4403 831 4453 ii.
843 4419 885 4466 qu.
896 4401 931 4453 iii.
942 4401 1015 4468 Resp·
1028 4402 1051 4452 4·
1086 4399 1150 4453 Vide
1167 4409 1191 4451 et
1202 4399 1228 4450 S.
1240 4401 1314 4468 Alph.
1326 4406 1342 4456 l.

251 4483 283 4533 vi.
294 4499 319 4533 n.
333 4487 392 4537 27³.

774 4567 901 4625 9*“
