3172 5172
263 541 321 600 ldd
513 537 570 598 DE
592 533 759 597 statuto
780 529 1101 594 CONFESSIONIS.

674 1081 679 1088 ·
709 1061 852 1121 cAPUT
872 1061 911 1119 V.

598 1278 637 1318 DE
658 1276 776 1318 slouLo
796 1277 1016 1319 conresslonrs.

301 1445 353 1501 74.
375 1439 508 1518 Sigillum
519 1437 708 1497 consessionis
718 1437 834 1495 vocatur
842 1438 1030 1498 arctissimum
1041 1437 1113 1497 illud
1126 1457 1260 1497 arcanum
1275 1435 1353 1512 quod

263 1539 407 1608 sacerdos,
422 1539 616 1598 confessiones
630 1537 827 1614 poenitentium
841 1539 1001 1615 excipiens,
1016 1556 1129 1598 servare
1143 1547 1262 1596 tenetur.
1303 1535 1352 1594 Ex

260 1641 325 1718 jure
348 1639 446 1698 divino
471 1637 571 1697 merito
600 1637 752 1704 derivatur,
779 1655 845 1694 nam
872 1655 907 1695 eo
928 1638 994 1715 jure
1021 1657 1078 1711 quo
1101 1646 1233 1714 peccator
1255 1635 1291 1694 ad
1308 1635 1353 1693 sui

266 1739 475 1797 accusationem
489 1737 637 1813 obligatur,
647 1735 740 1813 judex
749 1735 784 1793 ad
795 1736 941 1795 silentium
954 1736 990 1795 de
1003 1737 1352 1824 causasibijnnotesceute

264 1837 436 1896 servandum
456 1845 583 1895 tenetur:
614 1853 699 1893 nemo
722 1836 799 1894 enim
821 1855 852 1892 se
874 1837 1015 1913 proderet,
1036 1837 1093 1894 nisi
1116 1835 1151 1894 de
1171 1835 1227 1894 lide
1246 1834 1353 1912 judicis

264 1937 368 1997 certior
379 1936 479 1994 factus.
522 1943 542 1971 “
554 1934 766 2010 Praeceptum,”
782 1934 874 2008 inquit
887 1935 919 1994 S.
934 1936 1076 2004 Thomas,
1099 1934 1160 1992 “de
1173 1932 1353 1993 confessione

264 2035 382 2096 celanda
394 2035 578 2110 consequitur
591 2035 686 2112 ipsum
699 2043 919 2104 sacramentum,
930 2045 959 2094 et
968 2035 1032 2093 ideo
1044 2035 1116 2092 sicut
1130 2040 1303 2111 preceptum
1317 2030 1353 2089 de

264 2135 445 2193 confessione
465 2134 662 2192 sacramentali
675 2132 815 2202 facienda,
829 2143 873 2192 est
886 2134 921 2193 de
936 2135 1002 2214 jure
1016 2133 1121 2201 divino,
1140 2143 1168 2192 et
1186 2151 1244 2190 non
1257 2139 1353 2208 potest

264 2233 358 2306 aliqua
377 2232 600 2309 dispensatione,
614 2233 660 2291 vel
676 2233 809 2310 jussione
829 2233 1053 2293 humanahomo
1073 2233 1181 2291 absolvi
1193 2233 1227 2290 ab
1240 2249 1292 2288 eo:
1315 2231 1354 2288 ita

265 2333 360 2392 nullus
387 2331 423 2389 ad
447 2331 650 2392 revelationem
676 2333 866 2392 confessionis
893 2343 987 2414 potest
1012 2334 1046 2391 ab
1067 2333 1183 2391 homine
1209 2331 1285 2409 cogi,
1307 2329 1354 2388 vel

264 2428 452 2492 licentiori.’¹¹
491 2431 556 2490 Lex
581 2433 776 2491 ecclesiastica
801 2451 935 2493 arcanum
957 2433 1013 2491 hoc
1039 2431 1210 2490 servandum
1231 2429 1354 2488 districte

264 2534 364 2611 jubet:
386 2529 528 2590 “Caveat
546 2531 698 2600 omniuo‚”
713 2533 806 2606 inquit
825 2534 981 2592 concilium
1001 2530 1195 2590 Lateranense
1209 2529 1263 2588 IV.
1286 2537 1306 2565 “
1317 2546 1352 2588 ne

263 2633 361 2699 verbo,
372 2631 419 2688 vel
429 2631 523 2706 signo,
533 2632 578 2689 vel
589 2630 644 2689 alio
653 2631 755 2701 quovis
765 2629 851 2688 modo
862 2633 964 2708 prodat
972 2631 1150 2704 aliquatenus
1159 2638 1352 2708 peccatorem

264 2729 318 2787 sed
330 2729 355 2785 si
375 2727 551 2805 prudentiori
564 2728 687 2786 oonsilio
706 2727 872 2806 indiguerit,
886 2731 956 2790 illud
971 2731 1076 2804 absque
1091 2729 1149 2788 ulla
1168 2728 1355 2805 expressione

265 2845 396 2904 personae
406 2835 486 2884 caute
497 2827 631 2898 requirat,
643 2828 780 2900 quoniam
789 2829 837 2900 qui
848 2840 996 2907 peecatum
1006 2830 1035 2887 in
1050 2828 1236 2907 poenitentiali
1245 2826 1355 2906 judicio

265 2926 320 2983 sibi
334 2925 476 2984 detectum
490 2926 706 3003 presumpserit
718 2928 858 2998 revelare,
872 2948 932 2988 non
944 2929 1036 2988 solum
1050 2949 1067 2987 a
1079 2928 1247 2988 sacerdotali
1259 2927 1354 2985 officio

264 3024 466 3103 deponendum
492 3023 683 3094 decernimus,
711 3046 813 3086 verum
839 3029 925 3087 etiam
951 3028 986 3086 ad
1020 3028 1157 3106 agendam
1185 3035 1352 3105 perpetuam

265 3127 460 3203 poenitentiam
479 3125 508 3184 in
530 3134 635 3185 arctum
656 3128 861 3186 monasterium
881 3121 1135 3187 detrudendum.''²
1174 3128 1209 3186 ln
1229 3144 1258 3184 re
1278 3133 1354 3184 tanta

265 3226 344 3284 nulla
357 3225 438 3284 datur
451 3224 574 3302 parvitas
586 3245 594 3293 ;
616 3235 788 3305 quapropter
800 3227 926 3285 revelare
941 3227 1082 3286 venialem
1096 3227 1215 3305 alicujus
1229 3225 1353 3303 eulpam,

264 3342 328 3396 quae
337 3343 374 3382 ex
382 3325 563 3382 confessione
574 3325 705 3394 innotuit,
717 3334 793 3385 esset
803 3345 887 3404 grave
897 3328 1039 3405 sacrilegii
1049 3336 1209 3405 peccatum.
1230 3326 1353 3403 Triplex

264 3422 371 3482 malitia
388 3425 418 3482 in
438 3424 609 3483 revelatione
630 3427 778 3501 reperitur,
792 3445 895 3503 nempe
916 3427 1065 3504 sacrilegii,
1080 3425 1158 3500 quod
1176 3432 1353 3484 sacramento

263 3521 295 3578 fit
314 3523 436 3599 injuriat
457 3523 526 3581 fidei
546 3524 639 3582 fractae
664 3525 775 3584 homiui
800 3544 900 3583 aroana
926 3527 1049 3603 pectoris
1071 3544 1109 3584 ex
1129 3525 1233 3584 fiducia
1253 3508 1354 3582 secreti

263 3620 425 3694 pandendi;
459 3630 488 3677 et
519 3619 728 3681 detractionis³
782 3623 872 3682 Nulla
896 3644 1023 3700 uuquam
1049 3624 1109 3683 dari
1142 3633 1234 3703 potest
1259 3640 1353 3680 rerum

264 3716 398 3786 conditio,
415 3719 515 3791 inqua
532 3720 672 3778 ullatenus
688 3721 807 3797 prodere
823 3742 956 3784 arcanum
969 3724 1135 3803 hujusmodi
1147 3725 1239 3790 liceat,
1253 3721 1353 3795 nequi-

264 3813 330 3874 dem
344 3814 378 3873 ad
399 3817 600 3894 gravissimum
620 3818 784 3880 scandalum
804 3819 977 3892 vitandum,⁴
996 3824 1042 3883 vel
1063 3823 1099 3881 ad
1119 3822 1224 3882 malum
1240 3819 1355 3894 aliquod

264 3916 458 3976 avertendum:
473 3935 540 3976 nam
550 3936 587 3976 ex
600 3923 746 3980 communi
760 3919 888 3981 fidelium
898 3942 995 3993 sensu,
1007 3923 1185 3982 etEeelesiae
1194 3921 1352 3988 traditione,

265 4025 375 4077 constat
387 4017 498 4077 nullum
512 4017 572 4076 dari
584 4017 678 4077 locum
692 4020 864 4096 exceptioni.

303 4121 353 4179 75.
376 4117 558 4190 Omniaque
578 4118 739 4179 confitendo
752 4120 893 4190 dicuutur,
911 4122 973 4180 sive
992 4141 1057 4195 que
1077 4119 1270 4181 consessionis
1290 4117 1353 4194 lege

264 4215 385 4276 dicenda
404 4226 480 4288 suut,
502 4219 564 4277 sive
585 4235 648 4292 quae
668 4220 731 4299 ejus
757 4221 908 4280 occasione
933 4221 1115 4300 proferuntur
1134 4219 1170 4278 ad
1188 4218 1353 4298 paenitentis

300 4416 784 4485 (1)Supp1.i1tp.quxi.arti.ada.
955 4425 998 4492 (2)
1018 4421 1141 4487 Gopxxi.

300 4501 343 4566 (3)
363 4499 390 4548 S.
403 4501 479 4566 Alph.
488 4504 504 4552 1.
517 4504 549 4554 vi.
560 4521 587 4556 n.
598 4509 657 4557 6³5.
961 4510 1003 4576 (4)
1023 4507 1085 4574 Gap.
1096 4503 1226 4575 depoena't.
1237 4502 1335 4556 dmtvi.
