3144 5192
519 493 720 554 CANONES
740 494 1048 555 POENITENTIAE.
1268 501 1328 557 257

281 661 339 728 Qui
354 660 390 720 ad
406 661 559 721 bibendum
574 662 674 720 invitat
687 662 751 738 plus
765 679 851 734 quam
864 670 971 721 nature
984 662 1053 719 satis
1066 668 1120 730 est,
1133 662 1329 739 penitentiam

243 770 317 838 agat.

281 859 340 926 Qui
362 878 420 935 pre
441 859 574 917 ebrietate
594 867 623 917 et
644 858 760 935 crapula
779 860 918 918 vomitum
939 859 1047 927 feeerit,
1068 859 1094 917 si
1111 860 1260 937 presbyter
1280 870 1327 919 aut

244 957 391 1026 diaconus,
411 958 607 1034 paenitentiam
637 967 702 1035 agat
724 957 785 1015 dies
807 957 1008 1034 quadraginta:
1040 957 1065 1015 si
1087 959 1255 1028 monachus,
1284 967 1332 1019 aut

241 1055 372 1126 clericus,
394 1055 456 1115 dies
477 1057 607 1134 triginta:
638 1057 663 1115 si
682 1057 783 1124 laicus,
803 1057 866 1115 dies
892 1057 1069 1132 quindecim,
1091 1057 1286 1133 abstineatque
1315 1077 1332 1115 a

243 1156 310 1216 vino
324 1165 353 1225 et
364 1173 449 1215 carne
463 1156 526 1214 dies
539 1166 606 1215 tres.

280 1256 314 1314 Si
327 1255 392 1328 quis
405 1254 478 1332 gulae
492 1274 579 1314 causa
592 1264 656 1313 ante
669 1254 769 1313 horam
782 1254 939 1332 legitimam
955 1255 1099 1333 jejunium
1120 1254 1244 1333 fregerit,
1259 1256 1331 1315 duos

241 1352 303 1412 dies
317 1353 514 1431 penitentiam
528 1364 593 1431 agat
603 1355 632 1412 in
645 1371 720 1431 pane
733 1362 763 1410 et
775 1373 858 1428 aqua.

282 1453 316 1511 Si
336 1450 400 1524 quis
420 1453 510 1512 nimio
531 1453 595 1511 cibo
615 1471 647 1510 se
667 1452 891 1529 ingurgitaverit,
912 1461 944 1511 ut
962 1451 1027 1512 inde
1048 1452 1176 1513 dolorem
1202 1453 1330 1520 senserit,

243 1570 333 1611 uuum
347 1551 423 1610 diem
437 1553 631 1630 poenitentiam
645 1561 710 1629 aget
721 1551 752 1609 in
765 1570 839 1628 pane
853 1561 881 1609 et
893 1570 976 1625 aqua.

521 1778 723 1840 CANONES
744 1780 1052 1840 POENITENTIAE.

625 1973 673 2033 De
686 1975 783 2034 varim
796 1974 945 2035 Penestis.

281 2145 315 2202 Si
336 2143 401 2216 quis
420 2142 555 2202 sacerdos
575 2143 700 2202 Missam
720 2144 806 2212 canit,
826 2161 921 2216 neque
941 2144 1141 2212 communicat,
1156 2162 1207 2219 per
1226 2163 1331 2204 annum

248 2242 443 2320 penitentiam
456 2250 529 2318 agat,
544 2261 597 2300 nee
611 2261 679 2301 vero
693 2243 802 2300 interea
814 2244 948 2300 celebret.

284 2339 425 2398 Sacerdos
445 2343 719 2409 excommunicatus,
734 2341 760 2399 si
779 2341 911 2410 celebret,
926 2341 1014 2399 tribus
1034 2341 1116 2398 annis
1130 2342 1271 2416 poenitens
1284 2343 1330 2410 sit,

243 2438 488 2512 hebdomadisque
509 2440 629 2518 singulis
649 2440 720 2498 feria
738 2438 873 2508 secunda,
895 2449 1003 2514 quarta,
1024 2448 1053 2496 et
1071 2453 1154 2497 sexta
1172 2459 1189 2497 a
1208 2441 1287 2509 vino,
1302 2450 1331 2498 et

245 2540 375 2597 carnibus
385 2538 506 2616 jejunet.

283 2637 424 2698 Sacerdos
447 2637 599 2710 sacerdotii
618 2638 717 2716 gradu,
742 2636 898 2712 ordineque
915 2638 945 2697 in
967 2644 1137 2716 perpetuum
1162 2645 1281 2705 amotus,
1305 2641 1330 2697 si

242 2738 382 2797 celebrare
405 2737 498 2807 audet,
513 2739 641 2816 privatur
660 2738 862 2797 communione
883 2737 1022 2815 Corporis
1036 2745 1065 2795 et
1084 2737 1240 2814 Sanguinis
1259 2735 1332 2796 Jesu

244 2835 354 2895 Christi
367 2854 458 2908 usque
472 2837 507 2894 ad
527 2836 659 2895 ultimum
673 2838 762 2906 diem,
776 2847 804 2895 et
817 2838 846 2897 in
867 2837 1160 2897 excommunicatione
1175 2846 1228 2904 est,
1242 2836 1333 2896 Viati-

245 2953 309 2992 cum
323 2943 431 2993 tantum
444 2936 473 2992 in
486 2935 544 2993 fine
558 2953 685 2994 sumens.

284 3033 316 3090 Si
329 3041 408 3110 gutta
415 3032 570 3112 Sanguinis
579 3032 690 3093 Christi
699 3037 729 3095 in
740 3045 842 3094 terram
853 3034 937 3104 eadit,
949 3033 1083 3092 sacerdos
1094 3034 1124 3091 in
1136 3034 1331 3111 poenitentiam

245 3132 282 3189 sit
294 3133 497 3209 quinquaginta
510 3134 628 3194 diebus:
651 3137 677 3194 si
690 3154 781 3210 usque
796 3135 831 3194 ad
844 3147 911 3202 tres,
926 3134 1025 3192 diebus
1035 3150 1150 3191 novem.
1181 3132 1214 3189 Si
1222 3133 1333 3190 incaute

245 3230 362 3298 dimisit,
377 3233 507 3305 quamvis
521 3235 561 3292 nil
575 3234 689 3295 nefandi
703 3235 845 3304 acciderit,
860 3234 946 3292 tribus
960 3233 1106 3292 mensibus
1121 3251 1138 3290 a
1150 3232 1195 3289 sui
1207 3232 1333 3290 muneris

245 3330 488 3390 administratione
502 3342 657 3392 amovetur.

284 3430 316 3488 Si
330 3450 382 3508 per
396 3432 558 3490 ebrietatem
572 3432 783 3492 Eucharistiam
798 3434 921 3500 evomit3
943 3433 968 3489 si
982 3431 1071 3490 laicus
1082 3439 1135 3498 est,
1147 3428 1333 3508 quadraginta

242 3529 359 3599 diebus3
380 3532 406 3589 si
426 3531 555 3600 clericus,
570 3534 735 3610 sexaginta3
756 3533 781 3590 si
802 3533 965 3608 episcopus,
986 3529 1140 3606 nonaginta
1152 3514 1282 3588 diebus:
1304 3531 1330 3588 si

244 3630 384 3700 infirmus,
399 3632 595 3708 penitentiam
610 3640 676 3708 aget
688 3631 788 3689 diebus
809 3641 929 3708 septem.
1241 3699 1247 3708 N

283 3730 423 3789 Sacerdos
439 3733 488 3804 qui
499 3733 617 3790 interest
629 3730 812 3790 clandestinis
821 3728 1098 3809 desponsationibus,
1112 3748 1165 3808 per
1177 3728 1331 3789 triennium

244 3827 278 3884 ab
288 3828 376 3886 officii
386 3831 431 3886 sui
439 3829 683 3889 administratione
697 3838 853 3888 amovetur.

282 3924 341 3991 Qui
360 3926 454 4002 legata
473 3929 521 4004 pia
540 3929 682 3988 Ecclesia
702 3949 761 3989 non
781 3928 877 3996 solvit,
892 3948 949 3988 uno
969 3946 1043 3986 anno
1057 3927 1199 4003 poenitens
1212 3924 1266 3981 erit
1277 3941 1329 4001 per

243 4022 384 4100 legitimas
402 4024 496 4084 ferias.

283 4123 341 4190 Qui
364 4123 407 4181 vir
423 4122 525 4183 faciem
546 4143 627 4185 suam
647 4126 889 4186 transformaverit
906 4126 1002 4184 habitu
1026 4121 1166 4187 muliebri,
1183 4128 1212 4177 et
1223 4119 1334 4178 'mulier

242 4221 338 4280 habitu
352 4221 416 4292 viri,
430 4222 660 4287 emendationem
674 4226 829 4303 pollicitus,
843 4225 926 4283 annis
940 4223 1079 4302 poenitens
1093 4221 1131 4279 sit
1143 4219 1242 4277 tribus.

281 4320 416 4380 Infirmos
443 4332 491 4380 aut
515 4323 626 4384 vinctos
651 4327 765 4384 visitare
791 4324 951 4402 negligens,
972 4319 1166 4400 poenitentiam
1188 4327 1252 4396 aget
1270 4318 1332 4377 dies

244 4419 354 4490 decem,
369 4440 444 4501 pane
458 4432 487 4481 et
499 4440 582 4497 aqua.
909 4509 911 4513 .

757 4527 797 4582 23
808 4526 824 4559 ⁴*
