3144 5192
242 503 302 562 226
500 497 557 558 DE
581 497 765 558 MUNERE
787 496 1076 558 GONFESSARII.

242 667 289 726 sui
308 665 397 725 officii
417 665 571 742 interrogat
590 665 626 724 de
645 666 681 724 iis
701 683 764 738 que
779 665 813 724 ad
828 664 931 743 judicii
944 665 1067 726 valorem
1087 664 1248 724 necessaria
1267 675 1335 724 sunt

243 766 336 834 scitu;
356 775 386 823 et
405 763 549 824 charitatis
570 784 650 842 ergo,
665 764 780 843 adjuvat
800 765 983 841 poenitentem
997 775 1027 822 ut
1046 764 1199 841 perfectius
1219 782 1336 822 accusa·

245 865 351 924 tionem
365 865 410 923 sui
423 864 517 924 saciat.
560 865 618 932 Qui
631 865 763 922 cultiores
778 873 854 932 sunt,
868 875 896 921 et
908 883 961 922 sua
980 865 1077 922 munia
1096 865 1164 922 satis
1185 863 1291 930 edocti,
1306 872 1335 922 ct

245 965 295 1036 qui
309 983 387 1040 eaepe
408 965 588 1031 confitentur,
599 983 657 1022 non
677 975 744 1021 sunt
763 964 930 1040 plerumque
950 963 1150 1040 interrogandi,
1166 981 1253 1035 quum
1267 980 1334 1022 cen·

244 1063 366 1122 sendum
380 1066 418 1123 sit
437 1083 488 1122 eos
508 1063 646 1137 quidquid
667 1064 828 1122 necessario
848 1061 1000 1121 dicendum
1020 1072 1073 1130 est,
1088 1071 1190 1138 sponte
1209 1061 1333 1119 referre:

245 1162 297 1222 sed
311 1162 405 1230 rudos,
420 1164 469 1235 qui
483 1163 531 1219 vix
551 1181 676 1233 unquam
698 1161 857 1219 dimittendi
871 1171 938 1220 sunt
950 1171 981 1219 ut
993 1163 1127 1220 examine
1141 1181 1172 1219 se
1186 1160 1335 1238 parented

245 1261 449 1328 confitendum,
467 1261 513 1318 vel
533 1262 581 1334 qui
605 1261 653 1320 diu
677 1261 832 1328 abluerant,
847 1261 893 1318 vel
913 1263 963 1335 qui
977 1261 1059 1319 malis
1077 1259 1331 1319 consuetudinibus

246 1360 382 1436 implicati
408 1370 573 1427 noscuntur,
593 1379 739 1438 opemque
767 1371 898 1433 quaerunt
918 1361 1048 1428 amicam,
1070 1360 1335 1437 interrogationibus

245 1459 398 1536 adjuvandi
425 1469 500 1518 sunt.
544 1461 577 1519 ln
604 1461 671 1518 vitio
697 1461 815 1518 luxuriae
842 1459 1002 1537 indagando
1023 1478 1096 1536 opus
1117 1469 1161 1517 est
1185 1458 1336 1535 prudentia

245 1577 347 1633 magna
372 1568 401 1615 et
427 1561 537 1634 peritia,
558 1569 588 1616 nt
613 1560 690 1618 virus
711 1559 872 1616 extrahatur
892 1579 907 1617 e
929 1559 1054 1626 vnlnere,
1075 1560 1144 1629 quin
1165 1559 1336 1634 periclitetur

246 1658 351 1724 anima,
366 1657 411 1714 vel
425 1657 530 1730 aliquid
545 1659 642 1716 subeat
655 1659 826 1716 detrimenti.
869 1659 927 1716 Pro
941 1659 1105 1735 poenitentis
1119 1657 1290 1724 conditione,
1304 1666 1334 1714 et

245 1758 419 1815 conscientia
434 1758 496 1834 jam
517 1759 657 1832 exposita,
672 1757 886 1834 interrogandus
906 1767 968 1815 est:
992 1758 1040 1829 qni
1061 1758 1139 1815 enim
1159 1775 1190 1814 se
1210 1757 1336 1833 turpium

245 1857 449 1934 cogitationum
461 1857 639 1920 incusaverit,
650 1858 753 1933 poterit
766 1859 941 1934 interrogari,
950 1867 1043 1914 utrum
1054 1867 1082 1914 et
1096 1876 1182 1933 prava
1195 1855 1335 1914 desideria

245 1957 337 2015 libens
351 1957 514 2014 admiserit:
536 1956 583 2028 qui
598 1973 686 2030 pravo
700 1957 884 2014 consortiose
895 1974 978 2014 usum
992 1975 1055 2015 esse
1067 1957 1191 2033 agnovit,
1201 1957 1230 2012 in
1245 1955 1337 2030 suspi-

245 2057 356 2112 cionem
371 2075 401 2113 se
415 2056 507 2132 injicit
527 2053 664 2112 foedorum
680 2063 812 2122 tactuum,
827 2055 873 2112 vel
887 2056 982 2114 forsan
1003 2057 1191 2122 concubitus;
1212 2054 1336 2126 ideoque

245 2153 320 2211 lente
332 2165 360 2210 ct
370 2165 451 2211 cante
461 2152 676 2229 interrogandus
686 2155 746 2212 erit.
773 2153 791 2210 J
795 2155 920 2222 uniores,
932 2156 1089 2231 praesertim
1100 2155 1223 2222 semine,
1234 2172 1338 2230 magna

246 2271 312 2310 cum
327 2253 437 2310 cautela
451 2253 587 2310 tractandi
601 2262 678 2319 sunt,
692 2272 729 2312 ne
743 2253 881 2329 peccandi
894 2255 1032 2312 rationem
1046 2253 1200 2322 addiscant,
1214 2253 1260 2311 vel
1274 2272 1336 2329 pra·

246 2372 313 2412 vum
330 2352 436 2426 aliquid
450 2352 485 2410 de
505 2353 682 2412 confessario
703 2355 892 2429 suspicentur.
936 2362 955 2389 “
968 2353 1097 2412 Caveat”
1112 2353 1204 2427 inquit
1222 2352 1336 2410 Rituale

247 2453 421 2523 Romanum,
437 2462 456 2490 ‘⁴
467 2472 502 2512 ne
517 2455 636 2512 curiosis
658 2454 924 2530 interrogationibus
945 2471 1105 2526 quenquam
1120 2453 1252 2520 detineat,
1268 2470 1338 2528 prte-

248 2555 346 2611 scrtim
366 2555 497 2630 juniores
514 2553 550 2610 de
571 2573 607 2610 eo
627 2553 705 2624 quod
728 2553 859 2627 ignorant
879 2551 1073 2628 imprudenter
1093 2553 1280 2628 interrogans,
1299 2570 1336 2610 ne

247 2670 366 2727 peccare
387 2650 530 2709 discant.”
572 2651 745 2722 Plerumque
767 2660 881 2724 praestat
900 2651 1022 2710 deficere
1043 2653 1073 2710 in
1094 2653 1236 2721 examine,
1252 2669 1337 2722 quam

247 2758 429 2826 peccatorum
444 2749 578 2824 indagine
592 2749 768 2816 accuratiori,
780 2750 937 2824 poenitenti,
953 2752 1110 2827 praesertim
1124 2750 1158 2808 ad
1172 2751 1258 2809 fidem
1272 2769 1338 2820 con-¹

248 2865 343 2914 verso,
359 2849 540 2904 occasionem
555 2847 715 2906 tentationis
729 2849 866 2924 praebere,
882 2851 1012 2921 quamvis
1027 2851 1076 2923 qui
1089 2851 1255 2908 confessarii
1268 2850 1338 2924 petit
1351 2857 1354 2861 '

248 2965 334 3023 opem
348 2957 380 3004 ut
392 2947 495 3005 clarius
509 2962 560 3004 sua
579 2957 705 3023 exponat
724 2957 840 3025 peccata
859 2950 896 3006 sit
916 2947 1103 3026 adjuvandus.
1146 2949 1192 3008 De
1213 2948 1338 3007 moribus

248 3047 368 3106 aliorum
382 3066 447 3106 cum
463 3048 566 3120 quibus
588 3060 712 3105 versatur
732 3048 873 3124 poenitens
887 3047 958 3107 nihil
978 3059 1022 3106 cst
1041 3047 1248 3123 exquirendum
1269 3066 1334 3105 cum

247 3148 331 3206 samae
346 3167 443 3207 eorum
459 3147 621 3223 dispendio.

287 3251 358 3304 216.
380 3247 501 3314 Quando
522 3247 711 3304 confessarius
732 3266 769 3304 ex
792 3249 906 3324 propria
925 3248 1043 3306 scientia
1062 3247 1138 3308 certb
1154 3250 1231 3306 novit
1248 3249 1338 3324 poeni-

248 3345 332 3402 tentis
347 3357 506 3420 peccatum,
522 3347 596 3418 quod
612 3346 772 3404 confitendo
786 3348 899 3414 omittit,
909 3347 993 3405 debet
1006 3366 1071 3406 eum
1085 3349 1265 3424 interrogare,
1280 3347 1336 3403 nisi

248 3445 432 3520 probabiliter
445 3447 661 3504 existimeteum
671 3444 739 3502 illud
753 3447 831 3503 alteri
838 3447 901 3524 jam
912 3446 1074 3505 confessum
1088 3465 1162 3514 esse,
1172 3447 1218 3504 vel
1230 3446 1333 3503 habere

243 3544 350 3617 justam
366 3563 479 3601 causam
495 3545 622 3601 tacendi:
638 3563 691 3600 nec
703 3546 780 3600 enim
791 3547 892 3618 poterit
906 3546 1050 3603 absolvere
1065 3565 1149 3618 quem
1163 3546 1243 3604 novit
1255 3562 1334 3602 reum

248 3657 312 3695 esse
327 3643 445 3714 peccati,
457 3641 539 3712 quod
548 3642 669 3717 negligit
679 3642 817 3699 confiteri.
860 3643 945 3709 Quod
960 3645 985 3700 si
998 3645 1096 3702 notitia
1106 3663 1142 3702 ex
1156 3645 1337 3702 confessione

249 3737 363 3796 alterius
391 3737 516 3796 derivata
536 3741 583 3808 sit,
598 3757 631 3796 ea
651 3739 693 3795 uti
719 3758 776 3797 non
793 3749 887 3815 potest
912 3743 1102 3800 confessarius
1129 3761 1193 3800 cum
1222 3741 1338 3816 aliquali

249 3837 429 3896 revelationis
445 3837 583 3914 periculo,
599 3838 729 3910 quamvis
743 3838 827 3895 liceat
837 3842 877 3898 rei
891 3843 1037 3900 veritatem
1052 3843 1206 3919 expiscari,
1220 3843 1337 3901 interro·

249 3937 343 4017 gando
361 3936 395 3996 de
410 3939 445 3997 iis
460 3939 489 3996 in
504 3957 566 4010 quae
580 3937 713 3995 homines
733 3937 762 3994 in
776 3937 879 3997 iisdem
893 3958 987 3998 rerum
1008 3940 1148 4018 adjunctis
1169 3942 1338 4017 plerumque

249 4039 389 4106 labuntur,
404 4059 439 4096 v:
455 4059 489 4116 g:
512 4046 605 4096 utrum
620 4056 685 4095 cum
707 4056 814 4115 sponsa
834 4047 923 4097 tactus
942 4039 1072 4098 habuerit
1090 4040 1261 4117 impudicos.
1302 4039 1336 4095 Si

250 4147 350 4215 pergat
363 4157 475 4214 negare,
486 4136 563 4196 nullo
578 4136 663 4194 modo
678 4135 760 4195 debet
773 4137 964 4196 confessarius
979 4139 1149 4212 quaestionss
1159 4140 1336 4217 importunas

249 4235 352 4303 facere,
368 4256 405 4294 ex
426 4239 528 4310 quibus
549 4237 663 4295 alterius
677 4237 820 4296 consessio
834 4238 1009 4311 aliquatenus
1023 4239 1199 4307 innotescat3
1221 4237 1271 4298 sed
1286 4253 1339 4294 nec

249 4343 360 4409 oportet
373 4353 438 4392 eum
459 4336 616 4404 absolvere,
631 4356 720 4409 quum
740 4336 875 4415 indignus
890 4339 973 4414 plane
987 4339 1034 4396 sit.
1074 4337 1121 4396 Eo
1135 4356 1202 4395 casu
1216 4335 1340 4396 consulit

249 4431 282 4489 S.
297 4432 473 4510 AlphonsnS,
488 4444 518 4492 ut
531 4435 638 4509 aliquid
648 4449 709 4495 oret
722 4436 756 4495 ad
769 4439 965 4497 occultandam
974 4437 1180 4496 absolutionem
1190 4456 1197 4496 ε
1207 4432 1339 4495 cavenda
