<?xml version="1.0" encoding="UTF-8"?>
<!DOCTYPE html PUBLIC "-//W3C//DTD XHTML 1.0 Transitional//EN"
    "http://www.w3.org/TR/xhtml1/DTD/xhtml1-transitional.dtd">
<html xmlns="http://www.w3.org/1999/xhtml" xml:lang="en" lang="en">
 <head>
  <title>
</title>
<meta http-equiv="Content-Type" content="text/html;charset=utf-8" />
  <meta name='ocr-system' content='tesseract 3.04.00' />
  <meta name='ocr-capabilities' content='ocr_page ocr_carea ocr_par ocr_line ocrx_word'/>
</head>
<body>
  <div class='ocr_page' id='page_1' title='image "./theologiaemoral02kenrgoog_0354.png"; bbox 0 0 3108 5162; ppageno 0'>
   <div class='ocr_carea' id='block_1_1' title="bbox 382 517 1273 589">
    <p class='ocr_par' dir='ltr' id='par_1_1' title="bbox 382 517 1273 589">
     <span class='ocr_line' id='line_1_1' title="bbox 382 517 1273 589; baseline 0.008 -8"><span class='ocrx_word' id='word_1_1' title='bbox 382 520 439 581; x_wconf 88' lang='lat' dir='ltr'><strong>DE</strong></span> <span class='ocrx_word' id='word_1_2' title='bbox 460 519 779 581; x_wconf 84' lang='lat' dir='ltr'><strong>IMPEDlMENTIS</strong></span> <span class='ocrx_word' id='word_1_3' title='bbox 800 517 1075 579; x_wconf 70' lang='lat' dir='ltr'><strong>MATRIMONIL&#39;</strong></span> <span class='ocrx_word' id='word_1_4' title='bbox 1214 533 1273 589; x_wconf 85' lang='grc'><strong>337</strong></span> 
     </span>
    </p>
   </div>
   <div class='ocr_carea' id='block_1_2' title="bbox 183 686 1275 2641">
    <p class='ocr_par' dir='ltr' id='par_1_2' title="bbox 183 686 1275 2641">
     <span class='ocr_line' id='line_1_2' title="bbox 183 686 1272 764; baseline 0.006 -20"><span class='ocrx_word' id='word_1_5' title='bbox 183 696 356 746; x_wconf 85' lang='lat' dir='ltr'><strong>numeratur.</strong></span> <span class='ocrx_word' id='word_1_6' title='bbox 397 686 481 754; x_wconf 87' lang='lat' dir='ltr'><strong>Quod</strong></span> <span class='ocrx_word' id='word_1_7' title='bbox 495 687 519 743; x_wconf 89' lang='lat' dir='ltr'><strong>si</strong></span> <span class='ocrx_word' id='word_1_8' title='bbox 534 686 664 745; x_wconf 80' lang='lat' dir='ltr'>alteruter</span> <span class='ocrx_word' id='word_1_9' title='bbox 677 687 767 763; x_wconf 81' lang='lat' dir='ltr'><strong>magis</strong></span> <span class='ocrx_word' id='word_1_10' title='bbox 781 705 797 744; x_wconf 90' lang='lat' dir='ltr'><strong>a</strong></span> <span class='ocrx_word' id='word_1_11' title='bbox 810 687 905 762; x_wconf 91' lang='lat' dir='ltr'><strong>stipite</strong></span> <span class='ocrx_word' id='word_1_12' title='bbox 916 687 1009 754; x_wconf 87' lang='lat' dir='ltr'><strong>distet,</strong></span> <span class='ocrx_word' id='word_1_13' title='bbox 1021 686 1124 764; x_wconf 85' lang='lat' dir='ltr'><strong>gradus</strong></span> <span class='ocrx_word' id='word_1_14' title='bbox 1137 692 1272 750; x_wconf 84' lang='lat' dir='ltr'><strong>remotior</strong></span> 
     </span>
     <span class='ocr_line' id='line_1_3' title="bbox 185 785 1272 863; baseline 0.006 -21"><span class='ocrx_word' id='word_1_15' title='bbox 185 796 381 863; x_wconf 89' lang='lat' dir='ltr'><strong>computatur;</strong></span> <span class='ocrx_word' id='word_1_16' title='bbox 409 805 461 845; x_wconf 91' lang='lat' dir='ltr'><strong>nec</strong></span> <span class='ocrx_word' id='word_1_17' title='bbox 481 785 556 843; x_wconf 89' lang='lat' dir='ltr'><strong>enim</strong></span> <span class='ocrx_word' id='word_1_18' title='bbox 583 785 686 844; x_wconf 87' lang='lat' dir='ltr'><strong>arctius</strong></span> <span class='ocrx_word' id='word_1_19' title='bbox 712 787 785 843; x_wconf 89' lang='lat' dir='ltr'><strong>inter</strong></span> <span class='ocrx_word' id='word_1_20' title='bbox 806 803 836 842; x_wconf 91' lang='lat' dir='ltr'><strong>se</strong></span> <span class='ocrx_word' id='word_1_21' title='bbox 857 787 1078 863; x_wconf 89' lang='lat' dir='ltr'><strong>conjunguntur,</strong></span> <span class='ocrx_word' id='word_1_22' title='bbox 1097 805 1181 859; x_wconf 88' lang='lat' dir='ltr'><strong>quam</strong></span> <span class='ocrx_word' id='word_1_23' title='bbox 1207 805 1272 848; x_wconf 88' lang='lat' dir='ltr'><strong>cum</strong></span> 
     </span>
     <span class='ocr_line' id='line_1_4' title="bbox 185 885 1272 962; baseline 0.006 -23"><span class='ocrx_word' id='word_1_24' title='bbox 185 885 297 961; x_wconf 82' lang='lat' dir='ltr'><strong>stipite:</strong></span> <span class='ocrx_word' id='word_1_25' title='bbox 317 894 488 962; x_wconf 87' lang='lat' dir='ltr'><strong>quapropter</strong></span> <span class='ocrx_word' id='word_1_26' title='bbox 500 885 662 943; x_wconf 81' lang='lat' dir='ltr'><strong>consobrini</strong></span> <span class='ocrx_word' id='word_1_27' title='bbox 675 885 750 942; x_wconf 90' lang='lat' dir='ltr'><strong>filius</strong></span> <span class='ocrx_word' id='word_1_28' title='bbox 771 886 886 942; x_wconf 92' lang='lat' dir='ltr'><strong>nonnisi</strong></span> <span class='ocrx_word' id='word_1_29' title='bbox 899 885 981 943; x_wconf 89' lang='lat' dir='ltr'><strong>tertio</strong></span> <span class='ocrx_word' id='word_1_30' title='bbox 994 885 1082 962; x_wconf 87' lang='lat' dir='ltr'><strong>gradu</strong></span> <span class='ocrx_word' id='word_1_31' title='bbox 1100 904 1165 945; x_wconf 88' lang='lat' dir='ltr'><strong>cum</strong></span> <span class='ocrx_word' id='word_1_32' title='bbox 1186 888 1272 946; x_wconf 89' lang='lat' dir='ltr'><strong>altero</strong></span> 
     </span>
     <span class='ocr_line' id='line_1_5' title="bbox 186 981 1271 1061; baseline 0.006 -23"><span class='ocrx_word' id='word_1_33' title='bbox 186 985 366 1051; x_wconf 89' lang='lat' dir='ltr'><strong>consobrino,</strong></span> <span class='ocrx_word' id='word_1_34' title='bbox 381 985 429 1057; x_wconf 92' lang='lat' dir='ltr'><strong>qui</strong></span> <span class='ocrx_word' id='word_1_35' title='bbox 442 981 585 1042; x_wconf 89' lang='lat' dir='ltr'><strong>secundus</strong></span> <span class='ocrx_word' id='word_1_36' title='bbox 599 993 642 1040; x_wconf 91' lang='lat' dir='ltr'><strong>est</strong></span> <span class='ocrx_word' id='word_1_37' title='bbox 661 985 789 1060; x_wconf 86' lang='lat' dir='ltr'><strong>astipite‚</strong></span> <span class='ocrx_word' id='word_1_38' title='bbox 804 985 995 1061; x_wconf 87' lang='lat' dir='ltr'><strong>conjungitur.</strong></span> <span class='ocrx_word' id='word_1_39' title='bbox 1041 985 1147 1043; x_wconf 82' lang='lat' dir='ltr'><strong>Statuit</strong></span> <span class='ocrx_word' id='word_1_40' title='bbox 1165 986 1271 1045; x_wconf 89' lang='lat' dir='ltr'><strong>idcirco</strong></span> 
     </span>
     <span class='ocr_line' id='line_1_6' title="bbox 185 1079 1273 1155; baseline 0.007 -18"><span class='ocrx_word' id='word_1_41' title='bbox 185 1080 216 1137; x_wconf 88' lang='lat' dir='ltr'><strong>S.</strong></span> <span class='ocrx_word' id='word_1_42' title='bbox 232 1084 303 1142; x_wconf 91' lang='lat' dir='ltr'><strong>Pius</strong></span> <span class='ocrx_word' id='word_1_43' title='bbox 317 1083 355 1140; x_wconf 90' lang='lat' dir='ltr'><strong>V.</strong></span> <span class='ocrx_word' id='word_1_44' title='bbox 376 1084 509 1142; x_wconf 92' lang='lat' dir='ltr'><strong>inconst.</strong></span> <span class='ocrx_word' id='word_1_45' title='bbox 548 1079 778 1150; x_wconf 76' lang='lat' dir='ltr'><strong>Sanctissimae,</strong></span> <span class='ocrx_word' id='word_1_46' title='bbox 794 1101 867 1141; x_wconf 91' lang='lat' dir='ltr'><strong>anno</strong></span> <span class='ocrx_word' id='word_1_47' title='bbox 891 1087 979 1150; x_wconf 78' lang='lat' dir='ltr'><strong>lose,</strong></span> <span class='ocrx_word' id='word_1_48' title='bbox 995 1091 1014 1117; x_wconf 93' lang='lat'>“</span> <span class='ocrx_word' id='word_1_49' title='bbox 1028 1082 1105 1155; x_wconf 91' lang='lat' dir='ltr'><strong>quod</strong></span> <span class='ocrx_word' id='word_1_50' title='bbox 1118 1084 1153 1142; x_wconf 93' lang='lat' dir='ltr'><strong>de</strong></span> <span class='ocrx_word' id='word_1_51' title='bbox 1172 1095 1273 1145; x_wconf 84' lang='lat' dir='ltr'><strong>caetero</strong></span> 
     </span>
     <span class='ocr_line' id='line_1_7' title="bbox 183 1171 1273 1260; baseline 0.003 -23"><span class='ocrx_word' id='word_1_52' title='bbox 183 1180 213 1237; x_wconf 93' lang='lat' dir='ltr'><strong>in</strong></span> <span class='ocrx_word' id='word_1_53' title='bbox 243 1183 470 1256; x_wconf 90' lang='lat' dir='ltr'><strong>quibuscumque</strong></span> <span class='ocrx_word' id='word_1_54' title='bbox 497 1181 757 1257; x_wconf 82' lang='lat' dir='ltr'><strong>dispensationibus</strong></span> <span class='ocrx_word' id='word_1_55' title='bbox 783 1181 1031 1260; x_wconf 78' lang='lat' dir='ltr'><strong>consanguinitatis</strong></span> <span class='ocrx_word' id='word_1_56' title='bbox 1058 1171 1103 1239; x_wconf 85' lang='lat' dir='ltr'><strong>et¹</strong></span> <span class='ocrx_word' id='word_1_57' title='bbox 1118 1183 1273 1252; x_wconf 87' lang='lat' dir='ltr'><strong>affinitatis,</strong></span> 
     </span>
     <span class='ocr_line' id='line_1_8' title="bbox 185 1278 1273 1358; baseline 0.006 -23"><span class='ocrx_word' id='word_1_58' title='bbox 185 1281 306 1339; x_wconf 88' lang='lat' dir='ltr'><strong>sufficiat</strong></span> <span class='ocrx_word' id='word_1_59' title='bbox 328 1283 510 1340; x_wconf 82' lang='lat' dir='ltr'><strong>remotiorem</strong></span> <span class='ocrx_word' id='word_1_60' title='bbox 530 1288 639 1338; x_wconf 88' lang='lat' dir='ltr'><strong>tautum</strong></span> <span class='ocrx_word' id='word_1_61' title='bbox 661 1278 779 1356; x_wconf 82' lang='lat' dir='ltr'><strong>gradum</strong></span> <span class='ocrx_word' id='word_1_62' title='bbox 799 1279 992 1356; x_wconf 90' lang='lat' dir='ltr'><strong>exprimere.’&#39;</strong></span> <span class='ocrx_word' id='word_1_63' title='bbox 1034 1281 1160 1358; x_wconf 81' lang='lat' dir='ltr'><strong>Excepit</strong></span> <span class='ocrx_word' id='word_1_64' title='bbox 1179 1292 1273 1341; x_wconf 90' lang='lat' dir='ltr'><strong>tamen</strong></span> 
     </span>
     <span class='ocr_line' id='line_1_9' title="bbox 185 1378 1271 1457; baseline 0.003 -21"><span class='ocrx_word' id='word_1_65' title='bbox 185 1381 308 1454; x_wconf 89' lang='lat' dir='ltr'><strong>primum</strong></span> <span class='ocrx_word' id='word_1_66' title='bbox 323 1379 452 1457; x_wconf 83' lang='lat' dir='ltr'><strong>gradum,</strong></span> <span class='ocrx_word' id='word_1_67' title='bbox 468 1379 545 1436; x_wconf 90' lang='lat' dir='ltr'><strong>ineo</strong></span> <span class='ocrx_word' id='word_1_68' title='bbox 568 1379 674 1455; x_wconf 92' lang='lat' dir='ltr'><strong>quippe</strong></span> <span class='ocrx_word' id='word_1_69' title='bbox 697 1378 836 1436; x_wconf 83' lang='lat' dir='ltr'><strong>Sanctitas</strong></span> <span class='ocrx_word' id='word_1_70' title='bbox 860 1399 911 1437; x_wconf 91' lang='lat' dir='ltr'><strong>sua</strong></span> <span class='ocrx_word' id='word_1_71' title='bbox 931 1397 1085 1451; x_wconf 79' lang='lat' dir='ltr'><strong>numquam</strong></span> <span class='ocrx_word' id='word_1_72' title='bbox 1107 1379 1271 1456; x_wconf 87' lang='lat' dir='ltr'><strong>dispensare</strong></span> 
     </span>
     <span class='ocr_line' id='line_1_10' title="bbox 184 1477 1271 1555; baseline 0.005 -22"><span class='ocrx_word' id='word_1_73' title='bbox 184 1477 312 1536; x_wconf 85' lang='lat' dir='ltr'><strong>intendit.</strong></span> <span class='ocrx_word' id='word_1_74' title='bbox 357 1477 435 1537; x_wconf 92' lang='lat' dir='ltr'><strong>Hinc</strong></span> <span class='ocrx_word' id='word_1_75' title='bbox 449 1479 475 1536; x_wconf 90' lang='lat' dir='ltr'><strong>si</strong></span> <span class='ocrx_word' id='word_1_76' title='bbox 498 1477 620 1554; x_wconf 91' lang='lat' dir='ltr'><strong>petenda</strong></span> <span class='ocrx_word' id='word_1_77' title='bbox 633 1478 670 1535; x_wconf 88' lang='lat' dir='ltr'><strong>sit</strong></span> <span class='ocrx_word' id='word_1_78' title='bbox 691 1477 922 1552; x_wconf 67' lang='lat' dir='ltr'><strong>dispensarique</strong></span> <span class='ocrx_word' id='word_1_79' title='bbox 944 1479 992 1551; x_wconf 91' lang='lat' dir='ltr'><strong>qui</strong></span> <span class='ocrx_word' id='word_1_80' title='bbox 1006 1478 1132 1536; x_wconf 86' lang='lat' dir='ltr'><strong>secundo</strong></span> <span class='ocrx_word' id='word_1_81' title='bbox 1146 1479 1231 1555; x_wconf 84' lang='lat' dir='ltr'><strong>gradu</strong></span> <span class='ocrx_word' id='word_1_82' title='bbox 1255 1501 1271 1538; x_wconf 88' lang='lat' dir='ltr'><strong>a</strong></span> 
     </span>
     <span class='ocr_line' id='line_1_11' title="bbox 185 1573 1271 1654; baseline 0.004 -22"><span class='ocrx_word' id='word_1_83' title='bbox 185 1577 280 1654; x_wconf 87' lang='lat' dir='ltr'><strong>stipite</strong></span> <span class='ocrx_word' id='word_1_84' title='bbox 292 1575 386 1646; x_wconf 90' lang='lat' dir='ltr'><strong>distat,</strong></span> <span class='ocrx_word' id='word_1_85' title='bbox 401 1597 466 1636; x_wconf 89' lang='lat' dir='ltr'><strong>curn</strong></span> <span class='ocrx_word' id='word_1_86' title='bbox 487 1595 520 1634; x_wconf 92' lang='lat' dir='ltr'><strong>ea</strong></span> <span class='ocrx_word' id='word_1_87' title='bbox 535 1595 597 1649; x_wconf 83' lang='lat' dir='ltr'><strong>quae</strong></span> <span class='ocrx_word' id='word_1_88' title='bbox 619 1577 699 1635; x_wconf 88' lang='lat' dir='ltr'><strong>tertio</strong></span> <span class='ocrx_word' id='word_1_89' title='bbox 722 1573 809 1652; x_wconf 82' lang='lat' dir='ltr'><strong>gradu</strong></span> <span class='ocrx_word' id='word_1_90' title='bbox 821 1576 913 1645; x_wconf 92' lang='lat' dir='ltr'><strong>distat,</strong></span> <span class='ocrx_word' id='word_1_91' title='bbox 931 1577 1042 1651; x_wconf 87' lang='lat' dir='ltr'><strong>nuptias</strong></span> <span class='ocrx_word' id='word_1_92' title='bbox 1065 1579 1151 1645; x_wconf 90' lang='lat' dir='ltr'><strong>ineat,</strong></span> <span class='ocrx_word' id='word_1_93' title='bbox 1165 1579 1271 1637; x_wconf 87' lang='lat' dir='ltr'><strong>sufficit</strong></span> 
     </span>
     <span class='ocr_line' id='line_1_12' title="bbox 185 1673 1271 1754; baseline 0.004 -22"><span class='ocrx_word' id='word_1_94' title='bbox 185 1673 278 1733; x_wconf 91' lang='lat' dir='ltr'><strong>dicere</strong></span> <span class='ocrx_word' id='word_1_95' title='bbox 292 1694 342 1734; x_wconf 87' lang='lat' dir='ltr'><strong>eos</strong></span> <span class='ocrx_word' id='word_1_96' title='bbox 356 1678 438 1735; x_wconf 87' lang='lat' dir='ltr'><strong>tertio</strong></span> <span class='ocrx_word' id='word_1_97' title='bbox 450 1675 539 1754; x_wconf 85' lang='lat' dir='ltr'><strong>gradu</strong></span> <span class='ocrx_word' id='word_1_98' title='bbox 554 1676 626 1734; x_wconf 88' lang='lat' dir='ltr'><strong>inter</strong></span> <span class='ocrx_word' id='word_1_99' title='bbox 639 1695 670 1734; x_wconf 89' lang='lat' dir='ltr'><strong>se</strong></span> <span class='ocrx_word' id='word_1_100' title='bbox 690 1676 843 1752; x_wconf 87' lang='lat' dir='ltr'><strong>conjungi:</strong></span> <span class='ocrx_word' id='word_1_101' title='bbox 865 1676 890 1732; x_wconf 91' lang='lat' dir='ltr'><strong>si</strong></span> <span class='ocrx_word' id='word_1_102' title='bbox 904 1685 997 1733; x_wconf 89' lang='lat' dir='ltr'><strong>autem</strong></span> <span class='ocrx_word' id='word_1_103' title='bbox 1018 1676 1135 1754; x_wconf 87' lang='lat' dir='ltr'><strong>attingat</strong></span> <span class='ocrx_word' id='word_1_104' title='bbox 1147 1680 1271 1752; x_wconf 88' lang='lat' dir='ltr'><strong>primum</strong></span> 
     </span>
     <span class='ocr_line' id='line_1_13' title="bbox 184 1773 1269 1853; baseline 0.004 -23"><span class='ocrx_word' id='word_1_105' title='bbox 184 1773 301 1849; x_wconf 84' lang='lat' dir='ltr'><strong>gradum</strong></span> <span class='ocrx_word' id='word_1_106' title='bbox 320 1775 379 1834; x_wconf 90' lang='lat' dir='ltr'><strong>ulla</strong></span> <span class='ocrx_word' id='word_1_107' title='bbox 400 1775 517 1844; x_wconf 84' lang='lat' dir='ltr'><strong>ratione,</strong></span> <span class='ocrx_word' id='word_1_108' title='bbox 535 1794 572 1832; x_wconf 90' lang='lat' dir='ltr'><strong>v:</strong></span> <span class='ocrx_word' id='word_1_109' title='bbox 592 1795 628 1852; x_wconf 84' lang='lat' dir='ltr'><strong>g:</strong></span> <span class='ocrx_word' id='word_1_110' title='bbox 649 1775 675 1832; x_wconf 89' lang='lat' dir='ltr'><strong>si</strong></span> <span class='ocrx_word' id='word_1_111' title='bbox 700 1784 817 1852; x_wconf 88' lang='lat' dir='ltr'><strong>patruus</strong></span> <span class='ocrx_word' id='word_1_112' title='bbox 840 1793 905 1833; x_wconf 92' lang='lat' dir='ltr'><strong>cum</strong></span> <span class='ocrx_word' id='word_1_113' title='bbox 926 1783 1011 1850; x_wconf 87' lang='lat' dir='ltr'><strong>nepte</strong></span> <span class='ocrx_word' id='word_1_114' title='bbox 1034 1777 1102 1834; x_wconf 89' lang='lat' dir='ltr'><strong>velit</strong></span> <span class='ocrx_word' id='word_1_115' title='bbox 1124 1778 1269 1853; x_wconf 83' lang='lat' dir='ltr'><strong>conjungi,</strong></span> 
     </span>
     <span class='ocr_line' id='line_1_14' title="bbox 185 1873 1270 1951; baseline 0.002 -22"><span class='ocrx_word' id='word_1_116' title='bbox 185 1881 302 1944; x_wconf 89' lang='lat' dir='ltr'><strong>uterque</strong></span> <span class='ocrx_word' id='word_1_117' title='bbox 315 1873 418 1950; x_wconf 86' lang='lat' dir='ltr'><strong>gradus</strong></span> <span class='ocrx_word' id='word_1_118' title='bbox 433 1875 596 1933; x_wconf 87' lang='lat' dir='ltr'><strong>necessario</strong></span> <span class='ocrx_word' id='word_1_119' title='bbox 609 1873 813 1950; x_wconf 85' lang='lat' dir='ltr'><strong>exprimendus</strong></span> <span class='ocrx_word' id='word_1_120' title='bbox 828 1881 880 1942; x_wconf 90' lang='lat' dir='ltr'><strong>est,</strong></span> <span class='ocrx_word' id='word_1_121' title='bbox 895 1893 962 1932; x_wconf 90' lang='lat' dir='ltr'><strong>nam</strong></span> <span class='ocrx_word' id='word_1_122' title='bbox 974 1883 1091 1949; x_wconf 87' lang='lat' dir='ltr'><strong>patruus</strong></span> <span class='ocrx_word' id='word_1_123' title='bbox 1105 1892 1170 1931; x_wconf 90' lang='lat' dir='ltr'><strong>eum</strong></span> <span class='ocrx_word' id='word_1_124' title='bbox 1191 1884 1270 1951; x_wconf 85' lang='lat' dir='ltr'><strong>patre</strong></span> 
     </span>
     <span class='ocr_line' id='line_1_15' title="bbox 185 1971 1269 2050; baseline 0.003 -22"><span class='ocrx_word' id='word_1_125' title='bbox 185 1989 237 2029; x_wconf 94' lang='lat' dir='ltr'><strong>suo</strong></span> <span class='ocrx_word' id='word_1_126' title='bbox 251 1973 343 2047; x_wconf 90' lang='lat' dir='ltr'><strong>primo</strong></span> <span class='ocrx_word' id='word_1_127' title='bbox 356 1972 443 2048; x_wconf 83' lang='lat' dir='ltr'><strong>gradu</strong></span> <span class='ocrx_word' id='word_1_128' title='bbox 464 1974 655 2050; x_wconf 86' lang='lat' dir='ltr'><strong>conjungitur,</strong></span> <span class='ocrx_word' id='word_1_129' title='bbox 671 1990 758 2044; x_wconf 91' lang='lat' dir='ltr'><strong>aquo</strong></span> <span class='ocrx_word' id='word_1_130' title='bbox 779 1972 890 2031; x_wconf 90' lang='lat' dir='ltr'><strong>duobus</strong></span> <span class='ocrx_word' id='word_1_131' title='bbox 911 1972 1045 2049; x_wconf 86' lang='lat' dir='ltr'><strong>gradibus</strong></span> <span class='ocrx_word' id='word_1_132' title='bbox 1066 1974 1161 2048; x_wconf 89' lang='lat' dir='ltr'><strong>neptis</strong></span> <span class='ocrx_word' id='word_1_133' title='bbox 1176 1971 1269 2041; x_wconf 84' lang='lat' dir='ltr'><strong>distat,</strong></span> 
     </span>
     <span class='ocr_line' id='line_1_16' title="bbox 186 2068 1272 2149; baseline 0.004 -25"><span class='ocrx_word' id='word_1_134' title='bbox 186 2068 244 2127; x_wconf 92' lang='lat' dir='ltr'><strong>imo</strong></span> <span class='ocrx_word' id='word_1_135' title='bbox 262 2079 290 2128; x_wconf 91' lang='lat' dir='ltr'><strong>et</strong></span> <span class='ocrx_word' id='word_1_136' title='bbox 309 2090 397 2130; x_wconf 84' lang='lat' dir='ltr'><strong>sexus</strong></span> <span class='ocrx_word' id='word_1_137' title='bbox 411 2073 474 2149; x_wconf 89' lang='lat' dir='ltr'><strong>ejus</strong></span> <span class='ocrx_word' id='word_1_138' title='bbox 488 2073 536 2143; x_wconf 87' lang='lat' dir='ltr'><strong>qui</strong></span> <span class='ocrx_word' id='word_1_139' title='bbox 552 2071 766 2148; x_wconf 88' lang='lat' dir='ltr'><strong>propinquioris</strong></span> <span class='ocrx_word' id='word_1_140' title='bbox 791 2080 834 2129; x_wconf 90' lang='lat' dir='ltr'><strong>est</strong></span> <span class='ocrx_word' id='word_1_141' title='bbox 846 2070 950 2149; x_wconf 83' lang='lat' dir='ltr'><strong>gradus</strong></span> <span class='ocrx_word' id='word_1_142' title='bbox 972 2070 1155 2129; x_wconf 88' lang='lat' dir='ltr'><strong>declarandus</strong></span> <span class='ocrx_word' id='word_1_143' title='bbox 1175 2089 1272 2130; x_wconf 89' lang='lat' dir='ltr'><strong>neces·</strong></span> 
     </span>
     <span class='ocr_line' id='line_1_17' title="bbox 186 2151 1272 2247; baseline 0.003 -23"><span class='ocrx_word' id='word_1_144' title='bbox 186 2171 260 2227; x_wconf 89' lang='lat' dir='ltr'><strong>sario</strong></span> <span class='ocrx_word' id='word_1_145' title='bbox 272 2151 324 2238; x_wconf 77' lang='lat' dir='ltr'><strong>est,</strong></span> <span class='ocrx_word' id='word_1_146' title='bbox 339 2189 427 2244; x_wconf 90' lang='lat' dir='ltr'><strong>quum</strong></span> <span class='ocrx_word' id='word_1_147' title='bbox 448 2171 534 2247; x_wconf 84' lang='lat' dir='ltr'><strong>louge</strong></span> <span class='ocrx_word' id='word_1_148' title='bbox 548 2170 694 2230; x_wconf 90' lang='lat' dir='ltr'><strong>difficilius</strong></span> <span class='ocrx_word' id='word_1_149' title='bbox 714 2169 884 2228; x_wconf 89' lang='lat' dir='ltr'><strong>concedatur</strong></span> <span class='ocrx_word' id='word_1_150' title='bbox 903 2179 935 2228; x_wconf 90' lang='lat' dir='ltr'><strong>nt</strong></span> <span class='ocrx_word' id='word_1_151' title='bbox 954 2171 1038 2228; x_wconf 90' lang='lat' dir='ltr'><strong>amita</strong></span> <span class='ocrx_word' id='word_1_152' title='bbox 1060 2171 1147 2229; x_wconf 92' lang='lat' dir='ltr'><strong>nubat</strong></span> <span class='ocrx_word' id='word_1_153' title='bbox 1166 2172 1272 2247; x_wconf 90' lang='lat' dir='ltr'><strong>nepoti,</strong></span> 
     </span>
     <span class='ocr_line' id='line_1_18' title="bbox 187 2266 1270 2346; baseline 0.003 -22"><span class='ocrx_word' id='word_1_154' title='bbox 187 2285 271 2338; x_wconf 90' lang='lat' dir='ltr'><strong>quam</strong></span> <span class='ocrx_word' id='word_1_155' title='bbox 297 2277 328 2326; x_wconf 92' lang='lat' dir='ltr'><strong>ut</strong></span> <span class='ocrx_word' id='word_1_156' title='bbox 353 2278 467 2346; x_wconf 79' lang='lat' dir='ltr'><strong>patruus</strong></span> <span class='ocrx_word' id='word_1_157' title='bbox 489 2271 578 2345; x_wconf 86' lang='lat' dir='ltr'><strong>nepti.</strong></span> <span class='ocrx_word' id='word_1_158' title='bbox 619 2266 653 2326; x_wconf 77' lang='lat' dir='ltr'><strong>Si</strong></span> <span class='ocrx_word' id='word_1_159' title='bbox 678 2269 814 2326; x_wconf 88' lang='lat' dir='ltr'><strong>remotior</strong></span> <span class='ocrx_word' id='word_1_160' title='bbox 837 2267 943 2345; x_wconf 85' lang='lat' dir='ltr'><strong>gradus</strong></span> <span class='ocrx_word' id='word_1_161' title='bbox 961 2278 1007 2325; x_wconf 90' lang='lat' dir='ltr'><strong>eat</strong></span> <span class='ocrx_word' id='word_1_162' title='bbox 1031 2269 1103 2326; x_wconf 89' lang='lat' dir='ltr'><strong>ultra</strong></span> <span class='ocrx_word' id='word_1_163' title='bbox 1129 2279 1270 2341; x_wconf 90' lang='lat' dir='ltr'><strong>quartum,</strong></span> 
     </span>
     <span class='ocr_line' id='line_1_19' title="bbox 187 2366 1273 2445; baseline 0.001 -22"><span class='ocrx_word' id='word_1_164' title='bbox 187 2366 315 2440; x_wconf 88' lang='lat' dir='ltr'><strong>plerique</strong></span> <span class='ocrx_word' id='word_1_165' title='bbox 330 2367 455 2445; x_wconf 85' lang='lat' dir='ltr'><strong>theologi</strong></span> <span class='ocrx_word' id='word_1_166' title='bbox 469 2369 578 2426; x_wconf 90' lang='lat' dir='ltr'><strong>nullum</strong></span> <span class='ocrx_word' id='word_1_167' title='bbox 593 2367 829 2443; x_wconf 89' lang='lat' dir='ltr'><strong>impedimentum</strong></span> <span class='ocrx_word' id='word_1_168' title='bbox 843 2384 906 2423; x_wconf 90' lang='lat' dir='ltr'><strong>esse</strong></span> <span class='ocrx_word' id='word_1_169' title='bbox 917 2376 1043 2431; x_wconf 89' lang='lat' dir='ltr'><strong>censent,</strong></span> <span class='ocrx_word' id='word_1_170' title='bbox 1057 2367 1124 2424; x_wconf 90' lang='lat' dir='ltr'><strong>licet</strong></span> <span class='ocrx_word' id='word_1_171' title='bbox 1142 2367 1273 2424; x_wconf 87' lang='lat' dir='ltr'><strong>alteruter</strong></span> 
     </span>
     <span class='ocr_line' id='line_1_20' title="bbox 187 2463 1273 2544; baseline 0.002 -24"><span class='ocrx_word' id='word_1_172' title='bbox 187 2466 280 2538; x_wconf 90' lang='lat' dir='ltr'><strong>primo</strong></span> <span class='ocrx_word' id='word_1_173' title='bbox 293 2465 381 2542; x_wconf 84' lang='lat' dir='ltr'><strong>gradu</strong></span> <span class='ocrx_word' id='word_1_174' title='bbox 395 2465 431 2523; x_wconf 92' lang='lat' dir='ltr'><strong>ad</strong></span> <span class='ocrx_word' id='word_1_175' title='bbox 443 2467 568 2544; x_wconf 88' lang='lat' dir='ltr'><strong>stipitem</strong></span> <span class='ocrx_word' id='word_1_176' title='bbox 583 2465 707 2524; x_wconf 89' lang='lat' dir='ltr'><strong>accedat.</strong></span> <span class='ocrx_word' id='word_1_177' title='bbox 741 2465 863 2532; x_wconf 86' lang='lat' dir='ltr'><strong>Quoties</strong></span> <span class='ocrx_word' id='word_1_178' title='bbox 874 2463 1048 2540; x_wconf 86' lang='lat' dir='ltr'><strong>dispensatio</strong></span> <span class='ocrx_word' id='word_1_179' title='bbox 1062 2484 1113 2540; x_wconf 93' lang='lat' dir='ltr'><strong>pro</strong></span> <span class='ocrx_word' id='word_1_180' title='bbox 1128 2465 1273 2523; x_wconf 88' lang='lat' dir='ltr'><strong>remotiori</strong></span> 
     </span>
     <span class='ocr_line' id='line_1_21' title="bbox 187 2563 1275 2641; baseline -0.001 -20"><span class='ocrx_word' id='word_1_181' title='bbox 187 2563 274 2638; x_wconf 88' lang='lat' dir='ltr'><strong>gradu</strong></span> <span class='ocrx_word' id='word_1_182' title='bbox 288 2567 376 2640; x_wconf 89' lang='lat' dir='ltr'><strong>petita</strong></span> <span class='ocrx_word' id='word_1_183' title='bbox 389 2573 440 2632; x_wconf 93' lang='lat' dir='ltr'><strong>est,</strong></span> <span class='ocrx_word' id='word_1_184' title='bbox 455 2565 553 2624; x_wconf 83' lang='lat' dir='ltr'><strong>litterae</strong></span> <span class='ocrx_word' id='word_1_185' title='bbox 567 2565 755 2623; x_wconf 86' lang='lat' dir='ltr'><strong>declaratoriae</strong></span> <span class='ocrx_word' id='word_1_186' title='bbox 770 2581 786 2619; x_wconf 93' lang='lat' dir='ltr'><strong>a</strong></span> <span class='ocrx_word' id='word_1_187' title='bbox 799 2563 875 2620; x_wconf 84' lang='lat' dir='ltr'><strong>Sede</strong></span> <span class='ocrx_word' id='word_1_188' title='bbox 885 2563 1051 2639; x_wconf 85' lang='lat' dir='ltr'><strong>Apostolica</strong></span> <span class='ocrx_word' id='word_1_189' title='bbox 1064 2564 1194 2641; x_wconf 86' lang='lat' dir='ltr'><strong>petendae</strong></span> <span class='ocrx_word' id='word_1_190' title='bbox 1208 2572 1275 2622; x_wconf 89' lang='lat' dir='ltr'><strong>sunt</strong></span> 
     </span>
    </p>
   </div>
   <div class='ocr_carea' id='block_1_3' title="bbox 187 2651 1368 2738">
    <p class='ocr_par' dir='ltr' id='par_1_3' title="bbox 187 2651 1368 2738">
     <span class='ocr_line' id='line_1_22' title="bbox 187 2651 1368 2738; baseline 0.002 -19"><span class='ocrx_word' id='word_1_191' title='bbox 187 2673 218 2720; x_wconf 87' lang='lat' dir='ltr'><strong>ut</strong></span> <span class='ocrx_word' id='word_1_192' title='bbox 238 2664 267 2722; x_wconf 93' lang='lat' dir='ltr'><strong>in</strong></span> <span class='ocrx_word' id='word_1_193' title='bbox 281 2663 343 2722; x_wconf 87' lang='lat' dir='ltr'><strong>soro</strong></span> <span class='ocrx_word' id='word_1_194' title='bbox 357 2674 475 2722; x_wconf 87' lang='lat' dir='ltr'><strong>externo</strong></span> <span class='ocrx_word' id='word_1_195' title='bbox 495 2664 693 2731; x_wconf 86' lang='lat' dir='ltr'><strong>exhibeantur,</strong></span> <span class='ocrx_word' id='word_1_196' title='bbox 709 2681 745 2720; x_wconf 88' lang='lat' dir='ltr'><strong>ex</strong></span> <span class='ocrx_word' id='word_1_197' title='bbox 759 2651 929 2738; x_wconf 86' lang='lat' dir='ltr'><strong>praelaudata</strong></span> <span class='ocrx_word' id='word_1_198' title='bbox 946 2662 993 2720; x_wconf 93' lang='lat' dir='ltr'><strong>Pii</strong></span> <span class='ocrx_word' id='word_1_199' title='bbox 1008 2662 1045 2718; x_wconf 90' lang='lat' dir='ltr'><strong>V.</strong></span> <span class='ocrx_word' id='word_1_200' title='bbox 1060 2664 1272 2730; x_wconf 89' lang='lat' dir='ltr'><strong>constitutione,</strong></span> <span class='ocrx_word' id='word_1_201' title='bbox 1367 2687 1368 2692; x_wconf 46' lang='lat'>¹</span> 
     </span>
    </p>
   </div>
   <div class='ocr_carea' id='block_1_4' title="bbox 186 2760 1277 4123">
    <p class='ocr_par' dir='ltr' id='par_1_4' title="bbox 187 2760 1277 3430">
     <span class='ocr_line' id='line_1_23' title="bbox 187 2760 1273 2840; baseline -0.002 -20"><span class='ocrx_word' id='word_1_202' title='bbox 187 2763 288 2832; x_wconf 89' lang='lat' dir='ltr'><strong>quibus</strong></span> <span class='ocrx_word' id='word_1_203' title='bbox 303 2772 415 2822; x_wconf 89' lang='lat' dir='ltr'><strong>constet</strong></span> <span class='ocrx_word' id='word_1_204' title='bbox 427 2762 668 2840; x_wconf 89' lang='lat' dir='ltr'><strong>dispensationem</strong></span> <span class='ocrx_word' id='word_1_205' title='bbox 683 2763 745 2819; x_wconf 90' lang='lat' dir='ltr'><strong>sine</strong></span> <span class='ocrx_word' id='word_1_206' title='bbox 768 2762 912 2819; x_wconf 89' lang='lat' dir='ltr'><strong>mentione</strong></span> <span class='ocrx_word' id='word_1_207' title='bbox 935 2760 1039 2838; x_wconf 86' lang='lat' dir='ltr'><strong>gradus</strong></span> <span class='ocrx_word' id='word_1_208' title='bbox 1060 2763 1273 2839; x_wconf 90' lang='lat' dir='ltr'><strong>propinquioris</strong></span> 
     </span>
     <span class='ocr_line' id='line_1_24' title="bbox 188 2860 1272 2938; baseline 0 -20"><span class='ocrx_word' id='word_1_209' title='bbox 188 2862 330 2919; x_wconf 80' lang='lat' dir='ltr'><strong>obtentam</strong></span> <span class='ocrx_word' id='word_1_210' title='bbox 352 2861 386 2918; x_wconf 92' lang='lat' dir='ltr'><strong>de</strong></span> <span class='ocrx_word' id='word_1_211' title='bbox 402 2860 595 2938; x_wconf 87' lang='lat' dir='ltr'><strong>subreptionis</strong></span> <span class='ocrx_word' id='word_1_212' title='bbox 620 2861 665 2920; x_wconf 82' lang='lat' dir='ltr'><strong>vel</strong></span> <span class='ocrx_word' id='word_1_213' title='bbox 684 2860 859 2936; x_wconf 88' lang='lat' dir='ltr'><strong>obreptionis</strong></span> <span class='ocrx_word' id='word_1_214' title='bbox 882 2861 951 2918; x_wconf 87' lang='lat' dir='ltr'><strong>vitio</strong></span> <span class='ocrx_word' id='word_1_215' title='bbox 974 2863 1064 2918; x_wconf 90' lang='lat' dir='ltr'><strong>notari</strong></span> <span class='ocrx_word' id='word_1_216' title='bbox 1090 2881 1147 2920; x_wconf 92' lang='lat' dir='ltr'><strong>non</strong></span> <span class='ocrx_word' id='word_1_217' title='bbox 1167 2880 1272 2937; x_wconf 86' lang='lat' dir='ltr'><strong>posse:</strong></span> 
     </span>
     <span class='ocr_line' id='line_1_25' title="bbox 189 2957 1273 3034; baseline 0.002 -19"><span class='ocrx_word' id='word_1_218' title='bbox 189 2976 271 3016; x_wconf 91' lang='lat' dir='ltr'><strong>secus</strong></span> <span class='ocrx_word' id='word_1_219' title='bbox 285 2957 460 3034; x_wconf 86' lang='lat' dir='ltr'><strong>dispensatio</strong></span> <span class='ocrx_word' id='word_1_220' title='bbox 474 2960 503 3018; x_wconf 91' lang='lat' dir='ltr'><strong>in</strong></span> <span class='ocrx_word' id='word_1_221' title='bbox 514 2959 701 3018; x_wconf 85' lang='lat' dir='ltr'><strong>soroextemo</strong></span> <span class='ocrx_word' id='word_1_222' title='bbox 714 2961 814 3030; x_wconf 91' lang='lat' dir='ltr'><strong>nequit</strong></span> <span class='ocrx_word' id='word_1_223' title='bbox 821 2959 982 3016; x_wconf 85' lang='lat' dir='ltr'><strong>executioni</strong></span> <span class='ocrx_word' id='word_1_224' title='bbox 991 2959 1082 3016; x_wconf 85' lang='lat' dir='ltr'><strong>valide</strong></span> <span class='ocrx_word' id='word_1_225' title='bbox 1094 2959 1273 3018; x_wconf 86' lang='lat' dir='ltr'><strong>demandari:</strong></span> 
     </span>
     <span class='ocr_line' id='line_1_26' title="bbox 189 3052 1277 3132; baseline 0.002 -18"><span class='ocrx_word' id='word_1_226' title='bbox 189 3055 240 3114; x_wconf 92' lang='lat' dir='ltr'><strong>sed</strong></span> <span class='ocrx_word' id='word_1_227' title='bbox 265 3057 294 3114; x_wconf 91' lang='lat' dir='ltr'><strong>in</strong></span> <span class='ocrx_word' id='word_1_228' title='bbox 322 3059 503 3117; x_wconf 88' lang='lat' dir='ltr'><strong>conscientiae</strong></span> <span class='ocrx_word' id='word_1_229' title='bbox 529 3058 591 3116; x_wconf 85' lang='lat' dir='ltr'><strong>soro</strong></span> <span class='ocrx_word' id='word_1_230' title='bbox 618 3075 676 3116; x_wconf 93' lang='lat' dir='ltr'><strong>non</strong></span> <span class='ocrx_word' id='word_1_231' title='bbox 701 3052 905 3131; x_wconf 85' lang='lat' dir='ltr'><strong>requiruntur.1</strong></span> <span class='ocrx_word' id='word_1_232' title='bbox 957 3056 991 3115; x_wconf 91' lang='lat' dir='ltr'><strong>ln</strong></span> <span class='ocrx_word' id='word_1_233' title='bbox 1024 3055 1111 3132; x_wconf 86' lang='lat' dir='ltr'><strong>gradu</strong></span> <span class='ocrx_word' id='word_1_234' title='bbox 1143 3057 1277 3129; x_wconf 76' lang='lat' dir='ltr'><strong>inequali</strong></span> 
     </span>
     <span class='ocr_line' id='line_1_27' title="bbox 189 3155 1275 3233; baseline 0.001 -20"><span class='ocrx_word' id='word_1_235' title='bbox 189 3155 408 3231; x_wconf 88' lang='lat' dir='ltr'><strong>exprimendoa</strong></span> <span class='ocrx_word' id='word_1_236' title='bbox 431 3158 550 3215; x_wconf 87' lang='lat' dir='ltr'><strong>masculi</strong></span> <span class='ocrx_word' id='word_1_237' title='bbox 563 3155 651 3233; x_wconf 79' lang='lat' dir='ltr'><strong>gradu</strong></span> <span class='ocrx_word' id='word_1_238' title='bbox 665 3157 790 3233; x_wconf 84' lang='lat' dir='ltr'><strong>incipere</strong></span> <span class='ocrx_word' id='word_1_239' title='bbox 811 3163 931 3233; x_wconf 89' lang='lat' dir='ltr'><strong>oportet,</strong></span> <span class='ocrx_word' id='word_1_240' title='bbox 946 3156 1006 3213; x_wconf 90' lang='lat' dir='ltr'><strong>sive</strong></span> <span class='ocrx_word' id='word_1_241' title='bbox 1029 3156 1067 3213; x_wconf 89' lang='lat' dir='ltr'><strong>sit</strong></span> <span class='ocrx_word' id='word_1_242' title='bbox 1087 3156 1275 3232; x_wconf 91' lang='lat' dir='ltr'><strong>propinquior</strong></span> 
     </span>
     <span class='ocr_line' id='line_1_28' title="bbox 189 3239 1275 3314; baseline 0.001 -2"><span class='ocrx_word' id='word_1_243' title='bbox 189 3256 250 3312; x_wconf 81' lang='lat' dir='ltr'><strong>sive</strong></span> <span class='ocrx_word' id='word_1_244' title='bbox 261 3255 404 3313; x_wconf 87' lang='lat' dir='ltr'><strong>remotior.</strong></span> <span class='ocrx_word' id='word_1_245' title='bbox 439 3254 517 3314; x_wconf 90' lang='lat' dir='ltr'><strong>Hinc</strong></span> <span class='ocrx_word' id='word_1_246' title='bbox 531 3263 678 3314; x_wconf 86' lang='lat' dir='ltr'><strong>matertera</strong></span> <span class='ocrx_word' id='word_1_247' title='bbox 692 3255 728 3314; x_wconf 90' lang='lat' dir='ltr'><strong>ad</strong></span> <span class='ocrx_word' id='word_1_248' title='bbox 740 3255 831 3314; x_wconf 91' lang='lat' dir='ltr'><strong>lilium</strong></span> <span class='ocrx_word' id='word_1_249' title='bbox 850 3254 942 3313; x_wconf 81' lang='lat' dir='ltr'><strong>fratris</strong></span> <span class='ocrx_word' id='word_1_250' title='bbox 957 3239 1059 3312; x_wconf 81' lang='lat' dir='ltr'><strong>dicitur</strong></span> <span class='ocrx_word' id='word_1_251' title='bbox 1072 3275 1088 3312; x_wconf 88' lang='lat' dir='ltr'><strong>a</strong></span> <span class='ocrx_word' id='word_1_252' title='bbox 1100 3253 1225 3314; x_wconf 91' lang='lat' dir='ltr'><strong>secundo</strong></span> <span class='ocrx_word' id='word_1_253' title='bbox 1240 3255 1275 3313; x_wconf 89' lang='lat' dir='ltr'><strong>ad</strong></span> 
     </span>
     <span class='ocr_line' id='line_1_29' title="bbox 189 3353 324 3430; baseline 0 -18"><span class='ocrx_word' id='word_1_254' title='bbox 189 3353 324 3430; x_wconf 89' lang='lat' dir='ltr'><strong>primum.</strong></span> 
     </span>
    </p>

    <p class='ocr_par' dir='ltr' id='par_1_5' title="bbox 186 3452 1276 4123">
     <span class='ocr_line' id='line_1_30' title="bbox 231 3452 1274 3530; baseline 0.001 -21"><span class='ocrx_word' id='word_1_255' title='bbox 231 3456 298 3511; x_wconf 77' lang='lat'><strong>152.</strong></span> <span class='ocrx_word' id='word_1_256' title='bbox 321 3452 429 3511; x_wconf 87' lang='lat' dir='ltr'><strong>“Inter</strong></span> <span class='ocrx_word' id='word_1_257' title='bbox 448 3471 496 3510; x_wconf 88' lang='lat' dir='ltr'><strong>eas</strong></span> <span class='ocrx_word' id='word_1_258' title='bbox 516 3453 684 3530; x_wconf 87' lang='lat' dir='ltr'><strong>personas,&#39;’</strong></span> <span class='ocrx_word' id='word_1_259' title='bbox 701 3454 793 3527; x_wconf 90' lang='lat' dir='ltr'><strong>inquit</strong></span> <span class='ocrx_word' id='word_1_260' title='bbox 812 3453 951 3512; x_wconf 88' lang='lat' dir='ltr'><strong>Nicolaus</strong></span> <span class='ocrx_word' id='word_1_261' title='bbox 966 3453 989 3511; x_wconf 89' lang='grc' dir='ltr'><strong>Ι.</strong></span> <span class='ocrx_word' id='word_1_262' title='bbox 1013 3461 1032 3488; x_wconf 91' lang='grc'>“</span> <span class='ocrx_word' id='word_1_263' title='bbox 1044 3472 1106 3525; x_wconf 84' lang='lat' dir='ltr'><strong>quae</strong></span> <span class='ocrx_word' id='word_1_264' title='bbox 1127 3461 1274 3530; x_wconf 88' lang='lat' dir='ltr'><strong>parentum</strong></span> 
     </span>
     <span class='ocr_line' id='line_1_31' title="bbox 187 3552 1273 3629; baseline 0.002 -20"><span class='ocrx_word' id='word_1_265' title='bbox 187 3552 376 3612; x_wconf 86' lang='lat' dir='ltr'><strong>liberorumve</strong></span> <span class='ocrx_word' id='word_1_266' title='bbox 390 3552 486 3611; x_wconf 90' lang='lat' dir='ltr'><strong>locum</strong></span> <span class='ocrx_word' id='word_1_267' title='bbox 500 3552 573 3612; x_wconf 90' lang='lat' dir='ltr'><strong>inter</strong></span> <span class='ocrx_word' id='word_1_268' title='bbox 586 3571 617 3610; x_wconf 92' lang='lat' dir='ltr'><strong>se</strong></span> <span class='ocrx_word' id='word_1_269' title='bbox 639 3552 776 3619; x_wconf 88' lang='lat' dir='ltr'><strong>obtinent,</strong></span> <span class='ocrx_word' id='word_1_270' title='bbox 796 3553 902 3629; x_wconf 86' lang='lat' dir='ltr'><strong>nuptiae</strong></span> <span class='ocrx_word' id='word_1_271' title='bbox 916 3553 1045 3611; x_wconf 86' lang='lat' dir='ltr'><strong>contrahi</strong></span> <span class='ocrx_word' id='word_1_272' title='bbox 1064 3571 1122 3611; x_wconf 90' lang='lat' dir='ltr'><strong>non</strong></span> <span class='ocrx_word' id='word_1_273' title='bbox 1143 3564 1273 3628; x_wconf 90' lang='lat' dir='ltr'><strong>possunt,</strong></span> 
     </span>
     <span class='ocr_line' id='line_1_32' title="bbox 186 3651 1272 3728; baseline 0.005 -22"><span class='ocrx_word' id='word_1_274' title='bbox 186 3651 272 3711; x_wconf 88' lang='lat' dir='ltr'><strong>veluti</strong></span> <span class='ocrx_word' id='word_1_275' title='bbox 285 3653 358 3710; x_wconf 89' lang='lat' dir='ltr'><strong>inter</strong></span> <span class='ocrx_word' id='word_1_276' title='bbox 371 3662 479 3728; x_wconf 89' lang='lat' dir='ltr'><strong>patrem</strong></span> <span class='ocrx_word' id='word_1_277' title='bbox 493 3653 630 3721; x_wconf 81' lang='lat' dir='ltr'><strong>etlilium,</strong></span> <span class='ocrx_word' id='word_1_278' title='bbox 641 3660 669 3709; x_wconf 92' lang='lat' dir='ltr'><strong>et</strong></span> <span class='ocrx_word' id='word_1_279' title='bbox 679 3669 763 3710; x_wconf 90' lang='lat' dir='ltr'><strong>avum</strong></span> <span class='ocrx_word' id='word_1_280' title='bbox 773 3660 802 3709; x_wconf 91' lang='lat' dir='ltr'><strong>et</strong></span> <span class='ocrx_word' id='word_1_281' title='bbox 814 3660 939 3728; x_wconf 89' lang='lat' dir='ltr'><strong>neptem,</strong></span> <span class='ocrx_word' id='word_1_282' title='bbox 951 3651 997 3710; x_wconf 87' lang='lat' dir='ltr'><strong>vel</strong></span> <span class='ocrx_word' id='word_1_283' title='bbox 1007 3660 1124 3711; x_wconf 90' lang='lat' dir='ltr'><strong>matrem</strong></span> <span class='ocrx_word' id='word_1_284' title='bbox 1133 3661 1161 3710; x_wconf 93' lang='lat' dir='ltr'><strong>et</strong></span> <span class='ocrx_word' id='word_1_285' title='bbox 1170 3653 1272 3721; x_wconf 88' lang='lat' dir='ltr'><strong>filium,</strong></span> 
     </span>
     <span class='ocr_line' id='line_1_33' title="bbox 186 3746 980 3828; baseline 0.001 -21"><span class='ocrx_word' id='word_1_286' title='bbox 186 3751 231 3808; x_wconf 84' lang='lat' dir='ltr'><strong>rel</strong></span> <span class='ocrx_word' id='word_1_287' title='bbox 251 3752 341 3810; x_wconf 86' lang='lat' dir='ltr'><strong>aviam</strong></span> <span class='ocrx_word' id='word_1_288' title='bbox 362 3762 391 3810; x_wconf 89' lang='lat' dir='ltr'><strong>et</strong></span> <span class='ocrx_word' id='word_1_289' title='bbox 415 3760 560 3828; x_wconf 88' lang='lat' dir='ltr'><strong>nepotem,</strong></span> <span class='ocrx_word' id='word_1_290' title='bbox 576 3760 604 3809; x_wconf 91' lang='lat' dir='ltr'><strong>et</strong></span> <span class='ocrx_word' id='word_1_291' title='bbox 623 3769 714 3824; x_wconf 90' lang='lat' dir='ltr'><strong>usque</strong></span> <span class='ocrx_word' id='word_1_292' title='bbox 735 3750 769 3808; x_wconf 89' lang='lat' dir='ltr'><strong>ad</strong></span> <span class='ocrx_word' id='word_1_293' title='bbox 790 3746 980 3809; x_wconf 80' lang='lat' dir='ltr'><strong>infinitum.”²</strong></span> 
     </span>
     <span class='ocr_line' id='line_1_34' title="bbox 187 3850 1275 3929; baseline 0 -23"><span class='ocrx_word' id='word_1_294' title='bbox 187 3859 342 3907; x_wconf 85' lang='lat' dir='ltr'><strong>consonat:</strong></span> <span class='ocrx_word' id='word_1_295' title='bbox 366 3859 385 3886; x_wconf 78' lang='lat'><strong>‘⁶</strong></span> <span class='ocrx_word' id='word_1_296' title='bbox 395 3851 464 3910; x_wconf 88' lang='lat' dir='ltr'><strong>Jure</strong></span> <span class='ocrx_word' id='word_1_297' title='bbox 485 3852 611 3929; x_wconf 83' lang='lat' dir='ltr'><strong>gentium</strong></span> <span class='ocrx_word' id='word_1_298' title='bbox 626 3851 767 3910; x_wconf 91' lang='lat' dir='ltr'><strong>incestum</strong></span> <span class='ocrx_word' id='word_1_299' title='bbox 780 3851 942 3917; x_wconf 82' lang='lat' dir='ltr'><strong>committit,</strong></span> <span class='ocrx_word' id='word_1_300' title='bbox 958 3852 1008 3922; x_wconf 91' lang='lat' dir='ltr'><strong>qui</strong></span> <span class='ocrx_word' id='word_1_301' title='bbox 1019 3869 1057 3908; x_wconf 83' lang='lat' dir='ltr'><strong>ex</strong></span> <span class='ocrx_word' id='word_1_302' title='bbox 1073 3850 1160 3925; x_wconf 86' lang='lat' dir='ltr'><strong>gradu</strong></span> <span class='ocrx_word' id='word_1_303' title='bbox 1176 3867 1275 3915; x_wconf 64' lang='lat' dir='ltr'><strong>ascen,-</strong></span> 
     </span>
     <span class='ocr_line' id='line_1_35' title="bbox 186 3943 1275 4022; baseline 0 -18"><span class='ocrx_word' id='word_1_304' title='bbox 186 3945 310 4005; x_wconf 90' lang='lat' dir='ltr'><strong>dentium</strong></span> <span class='ocrx_word' id='word_1_305' title='bbox 325 3947 371 4006; x_wconf 90' lang='lat' dir='ltr'><strong>vel</strong></span> <span class='ocrx_word' id='word_1_306' title='bbox 390 3948 621 4009; x_wconf 87' lang='lat' dir='ltr'><strong>descendentium</strong></span> <span class='ocrx_word' id='word_1_307' title='bbox 642 3969 763 4009; x_wconf 86' lang='lat' dir='ltr'><strong>uxorem</strong></span> <span class='ocrx_word' id='word_1_308' title='bbox 785 3943 947 4008; x_wconf 78' lang='lat' dir='ltr'><strong>duxerit.’&#39;³</strong></span> <span class='ocrx_word' id='word_1_309' title='bbox 987 3947 1051 4006; x_wconf 90' lang='lat' dir='ltr'><strong>lmo</strong></span> <span class='ocrx_word' id='word_1_310' title='bbox 1072 3947 1216 4022; x_wconf 89' lang='lat' dir='ltr'><strong>plerisque</strong></span> <span class='ocrx_word' id='word_1_311' title='bbox 1237 3964 1275 4004; x_wconf 85' lang='lat' dir='ltr'><strong>ex</strong></span> 
     </span>
     <span class='ocr_line' id='line_1_36' title="bbox 186 4045 1276 4123; baseline -0.002 -20"><span class='ocrx_word' id='word_1_312' title='bbox 186 4054 292 4104; x_wconf 73' lang='lat' dir='ltr'><strong>nature</strong></span> <span class='ocrx_word' id='word_1_313' title='bbox 308 4047 374 4122; x_wconf 87' lang='lat' dir='ltr'><strong>jure</strong></span> <span class='ocrx_word' id='word_1_314' title='bbox 388 4047 528 4123; x_wconf 90' lang='lat' dir='ltr'><strong>profluere</strong></span> <span class='ocrx_word' id='word_1_315' title='bbox 548 4047 667 4116; x_wconf 86' lang='lat' dir='ltr'><strong>videtur,</strong></span> <span class='ocrx_word' id='word_1_316' title='bbox 683 4049 781 4107; x_wconf 89' lang='lat' dir='ltr'><strong>saltem</strong></span> <span class='ocrx_word' id='word_1_317' title='bbox 799 4048 912 4105; x_wconf 89' lang='lat' dir='ltr'><strong>seclusa</strong></span> <span class='ocrx_word' id='word_1_318' title='bbox 931 4047 1100 4104; x_wconf 85' lang='lat' dir='ltr'><strong>necessitate</strong></span> <span class='ocrx_word' id='word_1_319' title='bbox 1119 4045 1276 4102; x_wconf 91' lang='lat' dir='ltr'><strong>humanum</strong></span> 
     </span>
    </p>
   </div>
   <div class='ocr_carea' id='block_1_5' title="bbox 187 4235 1380 4509">
    <p class='ocr_par' dir='ltr' id='par_1_6' title="bbox 187 4235 1380 4509">
     <span class='ocr_line' id='line_1_37' title="bbox 225 4235 1380 4340; baseline 0 -21"><span class='ocrx_word' id='word_1_320' title='bbox 225 4272 267 4337; x_wconf 92' lang='lat'><strong>(1)</strong></span> <span class='ocrx_word' id='word_1_321' title='bbox 286 4271 350 4321; x_wconf 86' lang='lat' dir='ltr'><strong>Vide</strong></span> <span class='ocrx_word' id='word_1_322' title='bbox 362 4271 443 4322; x_wconf 81' lang='lat' dir='ltr'><strong>adnot.</strong></span> <span class='ocrx_word' id='word_1_323' title='bbox 456 4273 484 4322; x_wconf 90' lang='grc' dir='ltr'><strong>Ρ.</strong></span> <span class='ocrx_word' id='word_1_324' title='bbox 497 4273 605 4340; x_wconf 90' lang='lat' dir='ltr'><strong>Philippi</strong></span> <span class='ocrx_word' id='word_1_325' title='bbox 616 4274 646 4324; x_wconf 86' lang='lat' dir='ltr'><strong>de</strong></span> <span class='ocrx_word' id='word_1_326' title='bbox 658 4273 818 4324; x_wconf 77' lang='lat' dir='ltr'><strong>Carboneano</strong></span> <span class='ocrx_word' id='word_1_327' title='bbox 829 4272 859 4322; x_wconf 84' lang='lat' dir='ltr'><strong>ed</strong></span> <span class='ocrx_word' id='word_1_328' title='bbox 871 4271 976 4322; x_wconf 74' lang='lat' dir='ltr'><strong>Anteius</strong></span> <span class='ocrx_word' id='word_1_329' title='bbox 987 4270 1017 4318; x_wconf 88' lang='lat' dir='ltr'><strong>de</strong></span> <span class='ocrx_word' id='word_1_330' title='bbox 1035 4267 1142 4319; x_wconf 74' lang='lat' dir='ltr'><strong>Matrim.</strong></span> <span class='ocrx_word' id='word_1_331' title='bbox 1155 4285 1176 4319; x_wconf 89' lang='lat' dir='ltr'><strong>c.</strong></span> <span class='ocrx_word' id='word_1_332' title='bbox 1188 4268 1222 4318; x_wconf 88' lang='lat' dir='ltr'><strong>iii.</strong></span> <span class='ocrx_word' id='word_1_333' title='bbox 1234 4284 1275 4333; x_wconf 89' lang='lat' dir='ltr'><strong>qu.</strong></span> <span class='ocrx_word' id='word_1_334' title='bbox 1375 4235 1380 4241; x_wconf 33' lang='grc' dir='ltr'>Ι</span> 
     </span>
     <span class='ocr_line' id='line_1_38' title="bbox 187 4357 926 4433; baseline 0.015 -28"><span class='ocrx_word' id='word_1_335' title='bbox 187 4357 220 4408; x_wconf 89' lang='lat' dir='ltr'><strong>iii.</strong></span> <span class='ocrx_word' id='word_1_336' title='bbox 258 4357 330 4409; x_wconf 83' lang='lat' dir='ltr'><strong>Nola.</strong></span> <span class='ocrx_word' id='word_1_337' title='bbox 344 4358 370 4407; x_wconf 83' lang='lat' dir='ltr'><strong>S.</strong></span> <span class='ocrx_word' id='word_1_338' title='bbox 384 4358 445 4408; x_wconf 89' lang='lat' dir='ltr'><strong>Pius</strong></span> <span class='ocrx_word' id='word_1_339' title='bbox 455 4360 487 4409; x_wconf 90' lang='lat' dir='ltr'><strong>V.</strong></span> <span class='ocrx_word' id='word_1_340' title='bbox 924 4429 926 4433; x_wconf 17' lang='grc' dir='ltr'><strong><em>ι</em></strong></span> 
     </span>
     <span class='ocr_line' id='line_1_39' title="bbox 223 4437 1280 4509; baseline 0.003 -20"><span class='ocrx_word' id='word_1_341' title='bbox 223 4444 265 4509; x_wconf 79' lang='lat'><strong>(2)</strong></span> <span class='ocrx_word' id='word_1_342' title='bbox 286 4442 325 4492; x_wconf 81' lang='lat' dir='ltr'><strong>Ad</strong></span> <span class='ocrx_word' id='word_1_343' title='bbox 336 4444 448 4494; x_wconf 87' lang='lat' dir='ltr'><strong>consulta</strong></span> <span class='ocrx_word' id='word_1_344' title='bbox 458 4444 622 4509; x_wconf 79' lang='lat' dir='ltr'><strong>Balgaromm</strong></span> <span class='ocrx_word' id='word_1_345' title='bbox 634 4462 656 4496; x_wconf 88' lang='lat' dir='ltr'><strong>c.</strong></span> <span class='ocrx_word' id='word_1_346' title='bbox 668 4445 756 4496; x_wconf 81' lang='lat' dir='ltr'><strong>xxxix.</strong></span> <span class='ocrx_word' id='word_1_347' title='bbox 826 4445 868 4509; x_wconf 88' lang='grc'><strong>(3)</strong></span> <span class='ocrx_word' id='word_1_348' title='bbox 889 4441 919 4490; x_wconf 89' lang='lat' dir='ltr'><strong>L.</strong></span> <span class='ocrx_word' id='word_1_349' title='bbox 930 4440 974 4491; x_wconf 79' lang='lat' dir='ltr'><strong>ult.</strong></span> <span class='ocrx_word' id='word_1_350' title='bbox 985 4440 1019 4492; x_wconf 85' lang='lat' dir='ltr'><strong>ix.</strong></span> <span class='ocrx_word' id='word_1_351' title='bbox 1028 4437 1108 4491; x_wconf 82' lang='lat' dir='ltr'><strong>derit.</strong></span> <span class='ocrx_word' id='word_1_352' title='bbox 1119 4437 1280 4507; x_wconf 79' lang='lat' dir='ltr'><strong>nuptiarum.</strong></span> 
     </span>
    </p>
   </div>
   <div class='ocr_carea' id='block_1_6' title="bbox 227 4538 458 4600">
    <p class='ocr_par' dir='ltr' id='par_1_7' title="bbox 227 4538 458 4600">
     <span class='ocr_line' id='line_1_40' title="bbox 227 4538 458 4600; baseline 0.026 -6"><span class='ocrx_word' id='word_1_353' title='bbox 227 4538 304 4598; x_wconf 79' lang='lat' dir='ltr'><strong>Vct..</strong></span> <span class='ocrx_word' id='word_1_354' title='bbox 319 4539 458 4600; x_wconf 70' lang='lat' dir='ltr'><strong>lit-so</strong></span> 
     </span>
    </p>
   </div>
   <div class='ocr_carea' id='block_1_7' title="bbox 0 0 1561 5162">
    <p class='ocr_par' dir='ltr' id='par_1_8' title="bbox 0 0 1561 5162">
     <span class='ocr_line' id='line_1_41' title="bbox 0 0 1561 5162; baseline 0 0"><span class='ocrx_word' id='word_1_355' title='bbox 0 0 1561 5162; x_wconf 95' lang='lat' dir='ltr'><strong> </strong></span> 
     </span>
    </p>
   </div>
   <div class='ocr_carea' id='block_1_8' title="bbox 1018 3751 1380 3840">
    <p class='ocr_par' dir='ltr' id='par_1_9' title="bbox 1018 3751 1380 3840">
     <span class='ocr_line' id='line_1_42' title="bbox 1018 3751 1380 3840; baseline 0 -30"><span class='ocrx_word' id='word_1_356' title='bbox 1018 3751 1051 3810; x_wconf 95' lang='lat' dir='ltr'><strong>ld</strong></span> <span class='ocrx_word' id='word_1_357' title='bbox 1068 3753 1126 3829; x_wconf 89' lang='lat' dir='ltr'><strong>juri</strong></span> <span class='ocrx_word' id='word_1_358' title='bbox 1147 3752 1273 3828; x_wconf 86' lang='lat' dir='ltr'><strong>gentium</strong></span> <span class='ocrx_word' id='word_1_359' title='bbox 1372 3832 1380 3840; x_wconf 17' lang='grc' dir='ltr'>ἱ</span> 
     </span>
    </p>
   </div>
  </div>
 </body>
</html>
