3108 5162
293 533 353 590 300
562 525 619 586 DE
641 525 816 586 NATURA
837 525 1113 588 MATRIMONii.

292 697 337 764 sit,
352 693 466 764 tollitur,
481 693 549 754 dum
566 693 666 754 eadem
687 691 790 754 mulier
811 711 878 752 cnm
898 693 1025 772 pluribus
1045 696 1113 754 viris
1139 697 1327 766 consuevit,
1342 713 1406 756 nam

291 794 477 874 plurimorum
490 811 589 852 semen
603 793 762 852 admixtum
774 793 869 852 sterile
882 802 936 852 est.

328 897 379 952 to.
401 893 618 952 Matrimonium
632 892 790 952 infidelium
803 901 1042 962 consummatum,
1052 901 1149 972 utpote
1163 895 1323 953 naturalis
1339 911 1405 952 con·

289 1001 403 1062 tractus,
418 1003 583 1071 perpetuam
596 991 681 1050 habet
694 993 761 1050 rim.
796 990 880 1049 Valet
901 1001 995 1050 sutem
1018 992 1184 1070 hujusmodi
1208 1003 1401 1059 contractus,

290 1093 377 1152 silex
390 1102 496 1152 nature
510 1111 568 1151 non
581 1092 691 1158 obstet:
712 1109 766 1150 nec
784 1091 862 1149 enim
876 1109 939 1162 que
952 1090 1015 1168 lege
1029 1091 1170 1151 Ecclesiae
1183 1101 1311 1151 statuta
1325 1101 1402 1159 sunt,

290 1193 422 1252 homines
433 1191 574 1269 baptismo
587 1189 663 1248 haud
673 1191 798 1249 imbutos
807 1195 946 1266 spectant.
967 1189 1091 1258 Quodsi
1104 1192 1248 1250 alteruter
1264 1191 1306 1249 ad
1315 1190 1405 1248 fidem

290 1307 455 1358 conversus,
482 1289 653 1366 baptismum
686 1289 837 1366 acceperit,
864 1287 938 1348 solvi
968 1291 1072 1366 poterit
1103 1291 1351 1357 matrimonium,
1378 1290 1403 1346 si

290 1388 414 1448 infidelis
434 1387 556 1446 noluerit
568 1406 633 1446 cum
660 1387 737 1448 fideli
760 1389 938 1446 conversari:
960 1390 1111 1449 “sienim
1131 1390 1201 1448 alter
1225 1389 1401 1449 infidelium

289 1487 464 1566 conjugum”
479 1489 572 1562 inquit
583 1487 768 1546 innocentius
781 1487 837 1546 111.
860 1486 926 1544 “ad
938 1486 1025 1546 tidem
1039 1487 1224 1548 catholicam
1241 1496 1397 1547 converta-

289 1599 344 1656 tur,
359 1588 448 1646 altero
460 1587 506 1644 vel
528 1586 607 1645 nullo
626 1587 723 1654 modo,
737 1586 785 1644 vel
795 1605 853 1645 non
865 1586 928 1644 sire
942 1586 1121 1664 blasphemia
1138 1587 1236 1648 divini
1253 1586 1398 1652 nominis,

289 1687 334 1746 vel
346 1695 379 1745 ut
390 1704 457 1744 eum
470 1685 614 1762 pertrahat
625 1685 661 1744 sd
671 1685 789 1744 mortale
802 1694 962 1762 peccatum,
976 1687 1004 1744 ei
1018 1686 1179 1746 cohabitare
1193 1688 1335 1753 volente,
1351 1684 1398 1757 qui

288 1786 459 1860 relinquitur
478 1785 513 1844 ad
536 1784 670 1852 secunde,
685 1786 710 1842 si
726 1785 856 1853 voluerit,
879 1794 944 1843 vota
969 1787 1116 1846 transibit:
1138 1787 1216 1844 etin
1241 1786 1307 1845 hoc
1331 1801 1397 1842 casu
1516 1853 1517 1866 1

289 1886 474 1964 intelligimus
489 1883 566 1961 quod
574 1884 612 1941 ait
619 1884 795 1962 Apostolus:
811 1885 856 1940 ‘si
868 1883 991 1943 infidelis
1001 1885 1130 1955 discedit,
1141 1885 1298 1944 discedat:
1314 1883 1396 1942 frater

290 1987 367 2046 enim
378 1986 422 2045 rel
435 2003 515 2044 soror
528 2002 584 2042 non
598 1993 642 2041 est
654 1983 782 2041 servituti
796 1982 978 2060 subiectusin
988 1984 1173 2062 hujusmodi.'
1183 1977 1217 2012 ”¹
1242 1985 1281 2043 Si
1291 1981 1393 2042 infide·

290 2083 326 2142 lis
339 2085 410 2143 nolit
422 2085 557 2150 converti,
572 2084 701 2154 quamvis
723 2083 882 2141 consentiat
899 2083 1023 2142 habitare
1046 2103 1111 2143 cum
1131 2101 1290 2152 converso,
1308 2079 1391 2141 multi

289 2179 415 2258 theologi
429 2191 547 2239 censent
567 2182 641 2239 solvi
655 2181 749 2240 adhuc
763 2199 848 2259 posse
862 2184 1094 2241 matrimonium:
1117 2201 1205 2256 quum
1219 2180 1390 2260 periculum

288 2281 480 2358 perversionis
507 2281 641 2358 conjugis
664 2281 768 2350 tidelis,
788 2281 834 2340 vel
868 2282 968 2360 prolis,
992 2283 1042 2342 vix
1063 2278 1162 2340 absit.2
1204 2281 1299 2342 (loitu
1324 2285 1389 2356 post

289 2381 450 2441 alterutrius
463 2382 682 2440 conversionem
705 2381 783 2440 nulla
801 2384 845 2440 vis
868 2381 979 2441 additur
1001 2382 1168 2450 contractui,
1186 2383 1236 2455 qni
1262 2376 1386 2459 proinde

289 2481 363 2540 solvi
376 2481 512 2558 deinceps
533 2482 625 2558 possit
640 2499 820 2554 quocumque
835 2489 971 2558 tempore,
986 2481 1011 2538 si
1032 2479 1155 2539 infidelis
1169 2481 1241 2541 nolit
1256 2480 1385 2539 habitare

289 2582 396 2653 absque
410 2582 581 2640 contumelia
595 2579 758 2640 Creatoris:
773 2580 824 2640 sed
838 2589 957 2653 utroque
967 2579 1052 2640 simul
1065 2599 1206 2639 converso
1217 2586 1384 2640 contractus

289 2680 425 2738 naturalis
439 2680 497 2736 vim
511 2679 619 2737 obtinet
630 2677 751 2745 firmam,
766 2689 795 2736 et
806 2677 1045 2748 indissolubilem,
1060 2681 1167 2753 absque
1180 2681 1234 2740 ritu
1255 2680 1328 2746 ullo,
1338 2673 1383 2732 vel

288 2795 362 2836 novo
376 2794 530 2841 consensu,
545 2775 701 2833 dummodo
721 2776 823 2852 copula
836 2777 999 2846 intercedat,
1015 2796 1078 2852 que
1092 2779 1229 2838 indicium
1249 2791 1298 2836 est
1317 2793 1381 2834 con·

288 2891 401 2941 sensus,
415 2883 447 2931 ut
459 2882 617 2932 contractus
628 2874 712 2951 juxta
732 2873 843 2933 Christi
862 2876 1023 2937 institutum
1043 2877 1133 2936 valeat
1145 2879 1174 2937 in
1196 2887 1378 2955 perpetuum·

289 2974 322 3032 Si
335 2983 564 3032 consummatum
578 2991 635 3032 non
649 2973 734 3032 fuerit
747 2976 958 3036 matrimonium
970 2979 1270 3053 postconversionem,
1283 2980 1380 3036 censet

289 3075 321 3134 S.
337 3073 505 3153 Alphonsus
520 3073 691 3133 Pontificem
706 3093 791 3152 posse
805 3093 841 3133 ex
855 3077 1057 3154 urgentissima
1070 3095 1156 3136 causa
1166 3067 1359 3154 dispensare.³

328 3177 377 3236 tr.
401 3173 627 3251 interpellandus
642 3183 686 3232 est
695 3173 818 3232 infidelis
832 3177 938 3254 conjux
953 3195 969 3232 a
982 3193 1132 3244 converso,
1143 3185 1174 3234 ut
1187 3176 1222 3234 de
1236 3175 1378 3234 voluntate

289 3283 410 3343 constet,
425 3292 462 3331 ex
483 3281 625 3350 precepto
640 3273 774 3351 Gregorii
796 3273 882 3334 x111.
896 3285 925 3333 et
938 3275 970 3332 S.
986 3275 1033 3332 Pii
1047 3275 1098 3332 V.:
1120 3275 1197 3348 quod
1216 3276 1242 3333 si
1255 3271 1376 3334 infidelis

288 3372 433 3439 detrectet,
447 3371 493 3430 vel
514 3373 687 3449 respondere
709 3391 826 3449 prorsus
840 3374 974 3452 negligat,
995 3392 1134 3433 converso
1150 3375 1218 3432 licet
1237 3373 1271 3432 ad
1291 3385 1376 3433 noras

288 3475 402 3551 nuptias
416 3473 544 3530 transire.
587 3472 621 3530 si
634 3480 744 3531 constet
756 3491 823 3532 eum
836 3491 899 3532 esse
917 3473 1100 3552 pertinacem,
1116 3473 1161 3530 vel
1184 3475 1209 3532 si
1223 3474 1252 3532 in
1265 3473 1373 3550 longin-

288 3588 357 3641 quas
377 3571 477 3627 abierit
496 3571 638 3646 regiones,
658 3570 705 3629 vel
724 3571 794 3629 adiri
815 3573 974 3632 nullatenus
995 3582 1089 3646 queat,
1104 3572 1233 3632 nonnulli
1253 3568 1375 3645 theologi

288 3676 408 3724 censent
437 3683 608 3724 conversum
631 3686 729 3743 posse,
761 3670 989 3746 interpellatione
1012 3673 1130 3742 omissa,
1163 3671 1198 3729 ad
1219 3691 1292 3730 nova
1313 3677 1375 3727 vota

288 3765 415 3831 transire,
442 3762 543 3821 saltem
570 3765 720 3823 accedente
746 3767 891 3842 pontificia
917 3768 1157 3847 dispensatione.⁴
1199 3771 1267 3830 Non
1294 3767 1374 3828 solvi·

287 3879 332 3926 tur
344 3863 555 3924 matrimonium
568 3862 690 3921 infidelis
705 3863 845 3935 dissensu,
860 3868 912 3926 sed
930 3869 1022 3928 fidelis
1037 3871 1179 3930 voluntate
1201 3889 1290 3928 novas
1311 3885 1373 3927 con·

287 3965 421 4026 trahentis
444 3963 575 4040 nuptias:
598 3973 770 4042 quapropter
790 3967 896 4044 nuptie
919 3968 1042 4028 infidelis
1065 3987 1130 4028 cum
1154 3970 1242 4028 altero
1269 3964 1373 4028 infideli

287 4067 376 4136 initas,
391 4065 469 4125 fideli
483 4063 575 4123 adhuc
588 4064 698 4133 celibe,
712 4075 779 4124 sunt
791 4065 885 4126 irritas.

326 4170 378 4224 ts·
397 4166 432 4224 in
445 4165 498 4224 hac
512 4167 629 4244 regione
642 4166 668 4224 si
685 4166 835 4244 contigerit
848 4167 1012 4244 quempiam
1026 4167 1062 4226 ad
1075 4167 1161 4227 iidem
1175 4170 1313 4236 converti,
1327 4163 1374 4238 qni

354 4329 396 4394 (l)
416 4327 478 4392 Gap.
489 4327 530 4377 vii.
541 4325 571 4378 cte
582 4327 704 4381 divortiis.

274 4422 277 4428 ·
356 4414 399 4478 (a)
419 4412 482 4461 vias
493 4412 721 4466 Anninemerue
734 4414 812 4467 ntatr.
822 4431 844 4466 c.
856 4415 882 4466 ii.
893 4431 934 4480 qu.
947 4419 971 4466 s.
982 4421 1007 4465 et
1018 4415 1044 4464 s.
1056 4415 1132 4482 Atpn.
1143 4418 1159 4466 1.
1170 4417 1203 4467 vi.
1213 4433 1239 4467 n.
1251 4419 1309 4467 oon.
1333 4408 1335 4413 '

356 4500 398 4565 (3)
417 4496 447 4546 L.
460 4513 482 4544 v.
494 4513 520 4548 n.
533 4499 592 4546 956.
896 4503 939 4569 (4)
957 4501 1058 4562 Ibidem,
1068 4517 1095 4552 n.
1106 4503 1163 4552 95⁷.
