3124 5168
261 577 301 634 74
413 569 469 630 DE
492 566 855 628 CONSECRATIONE
876 567 1194 632 EUOHARISTIAE.

262 739 382 800 dicitur:
405 746 424 774 ‘⁴
436 737 502 796 Hoe
516 749 559 795 est
569 737 646 796 enirn
661 757 765 814 corpus
779 755 876 797 meum
888 737 919 796 :'’
941 739 971 797 in
982 739 1098 796 vinum:
1122 747 1141 775 ‘⁶
1152 737 1210 797 Hie
1221 747 1265 797 est
1275 740 1351 798 enim

262 837 338 898 calix
357 837 503 915 sanguinis
517 837 583 905 mei,
598 837 666 895 novi
680 846 708 894 et
721 838 817 896 aeterni
837 839 1009 907 testamenti,
1024 838 1192 914 mysterium
1208 838 1287 907 fidei,
1302 839 1352 913 qui

261 957 314 1016 pro
333 938 427 1006 vobis,
448 946 476 994 et
497 954 549 1014 pro
571 936 668 995 multis
689 936 849 996 effundetur
868 937 898 996 in
917 937 1117 996 remissionem
1134 937 1350 1015 peecatorum.”

262 1037 405 1112 Pleraque
418 1037 504 1094 verba
516 1037 545 1094 in
559 1035 728 1112 Evangeliis
741 1037 1108 1114 reperiuntur31edvooes
1122 1037 1196 1096 illae:
1218 1045 1239 1073 ‘⁶
1250 1036 1349 1096 enim’'

263 1147 321 1196 “et
334 1135 452 1196 aeterni'’
474 1137 673 1212 “mysterium
690 1135 778 1193 fidei'’
801 1143 882 1212 “pro
902 1137 1015 1206 vobis,”
1037 1155 1074 1195 ex
1087 1137 1176 1195 veteri
1201 1136 1350 1194 traditione

262 1237 434 1296 derivantur.
476 1234 595 1292 Nullam
622 1252 722 1294 rocem
748 1253 785 1293 ex
811 1235 903 1293 forma
928 1237 1093 1313 praescripta
1116 1237 1184 1295 lieet
1209 1235 1349 1303 omittere,

262 1354 351 1409 quum
372 1332 512 1392 Eeolesioe
533 1333 710 1393 consuetudo
730 1335 788 1392 vim
807 1333 910 1392 habeat
927 1334 1000 1412 legis
1021 1335 1174 1414 obligantis
1198 1335 1250 1393 sub
1272 1335 1350 1412 gravi

260 1443 396 1513 peccato3
418 1433 453 1492 de
463 1451 493 1491 re
502 1433 578 1492 enim
592 1433 762 1510 gravissima
775 1434 876 1511 agitur,
886 1435 954 1492 tanti
968 1435 1138 1494 sacramenti
1151 1434 1348 1495 confectione:

261 1542 434 1612 quapropter
454 1542 553 1592 oenset
578 1533 611 1590 S.
632 1533 800 1611 Alphonsus
822 1533 1009 1593 omissionem
1033 1537 1113 1594 vocis
1141 1532 1269 1594 “enim”
1291 1552 1350 1592 non

259 1633 484 1712 improbabiliter
503 1631 631 1690 damnari
652 1632 688 1690 de
708 1633 830 1691 mortali.
872 1632 957 1699 Quod
977 1635 1003 1693 si
1023 1636 1088 1708 quis
1105 1653 1206 1694 vooern
1227 1634 1351 1705 aliquam

260 1735 411 1800 omitteret,
426 1751 461 1790 eo
475 1729 551 1804 quod
565 1733 594 1790 in
608 1733 768 1792 narratione
789 1732 966 1808 Evangeliea
978 1753 1037 1793 non
1056 1735 1222 1810 reperiatur,
1237 1734 1351 1790 inanem

260 1834 364 1893 mentis
379 1831 556 1909 scrupulum,
572 1831 616 1888 rel
629 1831 783 1909 superbum
797 1833 1012 1907 opinarnentum
1029 1833 1141 1911 judicio
1155 1846 1182 1891 et
1195 1832 1351 1890 auctoritati

261 1933 403 1992 Euoleriae
417 1939 610 2008 anteponeret,
626 1947 692 1988 eum
703 1930 853 1988 manifesta
866 1930 952 2008 hujus
966 1932 1080 2009 injuria,
1101 1951 1164 2005 quae
1179 1929 1350 1989 vestustissi·
1390 1991 1395 2000 ,

260 2051 337 2091 mam
358 2031 537 2090 traditionem
552 2030 605 2089 hae
619 2030 649 2087 in
669 2049 700 2087 re
720 2037 830 2087 servat:
852 2037 999 2106 peecatum
1020 2029 1139 2107 proinde
1160 2031 1233 2090 foret
1251 2047 1347 2106 grave.

246 2129 406 2212 ¹Ceterum
427 2130 533 2188 valeret
558 2128 744 2198 consecratio,
765 2129 881 2188 omissis
907 2129 1036 2205 pluribus
1062 2131 1192 2200 vocibus,
1213 2148 1279 2188 narn
1306 2127 1349 2185 hae

259 2228 464 2298 tantummodo,
471 2229 789 2306 juxtaoommuuiorem
799 2239 828 2285 et
837 2228 1055 2304 probabiliorem
1063 2232 1243 2312 sententiam,
1253 2245 1351 2286 neces·

259 2330 340 2388 sariae
352 2339 434 2388 runt:
447 2327 536 2386 “Hoe
546 2337 589 2387 est
599 2347 701 2404 eorpus
711 2345 807 2386 meum
818 2327 848 2384 :'’
864 2326 945 2385 “Hie
955 2337 999 2385 est
1007 2329 1084 2386 calix
1092 2329 1241 2407 sanguinis
1251 2329 1309 2387 mei
1318 2326 1348 2396 ;’'

260 2430 306 2489 vel
327 2437 347 2465 “
359 2427 417 2487 Hie
430 2437 474 2486 est
486 2428 603 2505 sanguis
617 2425 733 2485 meus.'’
775 2427 872 2494 Quum
887 2426 971 2484 verba
983 2427 1162 2504 proferantur
1175 2450 1191 2488 a
1204 2428 1350 2488 sacerdote

260 2528 370 2588 Christi
383 2524 464 2594 vieee
478 2538 605 2604 gerente,
620 2529 685 2605 ipsa
698 2545 760 2600 quae
775 2525 910 2585 Christus
919 2525 1001 2596 dixit,
1016 2527 1160 2597 sacerdos,
1170 2531 1234 2606 eJus
1247 2545 1348 2604 gerens

259 2646 422 2706 personam,
444 2623 566 2704 profert:
594 2635 623 2683 et
642 2624 762 2702 proinde
782 2644 841 2684 non
862 2625 956 2684 valere
977 2637 1108 2685 censetur
1129 2628 1184 2686 alia
1210 2626 1347 2686 formula:

261 2726 356 2785 “Hoc
382 2736 425 2784 est
451 2743 553 2801 eorpus
582 2723 731 2782 Christi:'’
766 2725 832 2798 quia
856 2725 990 2784 sacerdos
1016 2724 1125 2785 Christi
1147 2727 1263 2786 nomine
1290 2743 1348 2783 uon

260 2827 431 2900 loqueretur.
473 2823 548 2882 Sunt
560 2825 609 2897 qui
623 2833 741 2882 censent
749 2825 854 2900 praevia
867 2824 915 2882 illa
928 2827 1029 2884 verba:
1054 2826 1142 2893 “Qui
1156 2826 1247 2904 pridie
1263 2843 1348 2898 quam

262 2935 412 3003 pateretur,
426 2922 504 2981 etc.’'
526 2925 687 2982 necessaria
709 2941 773 2982 esee
793 2923 829 2982 ad
853 2927 1116 2994 consecrationemr
1143 2927 1193 2985 sed
1215 2925 1352 2985 contraria

259 3025 449 3084 verosimilior
462 3031 507 3082 est
519 3024 658 3082 sententia
669 3045 676 3082 :
699 3032 829 3101 peoearet
838 3034 932 3082 tamen
946 3026 1068 3102 graviter
1081 3027 1131 3100 qui
1144 3046 1178 3085 ea
1197 3026 1348 3091 omitteret,

259 3145 348 3201 quum
367 3126 466 3202 jubeat
484 3124 610 3183 Rubrioa
629 3125 663 3182 ab
683 3125 718 3182 iis
741 3123 852 3184 initium
870 3123 1030 3183 ducendum
1052 3127 1162 3199 quoties
1176 3127 1213 3185 ob
1231 3125 1347 3183 dubium

259 3226 436 3285 consecratio
447 3233 490 3280 est
499 3223 662 3300 repetenda.
705 3224 809 3282 Peeoat
819 3225 902 3282 etiam
913 3226 1093 3302 gravissime,
1103 3227 1187 3303 juxta
1197 3224 1348 3290 RubrioaS,

209 3399 212 3402 ,
259 3326 309 3398 qui
323 3323 429 3397 aliquid
442 3322 521 3381 addit
540 3323 650 3391 formae,
664 3324 775 3381 etiamsi
799 3323 1039 3400 significationem
1061 3344 1118 3385 non
1141 3335 1245 3386 mutet:
1267 3325 1297 3382 in
1318 3341 1348 3379 re

260 3426 336 3484 enim
351 3423 419 3482 tanti
433 3423 571 3481 momenti
585 3423 633 3480 vix
647 3423 728 3480 datur
741 3424 813 3482 levis
828 3425 953 3482 materia.

298 3529 347 3582 21.
369 3522 427 3590 Qui
440 3521 539 3580 formae
553 3523 638 3579 verbe
655 3541 691 3580 ex
704 3522 809 3598 linguae
820 3523 889 3580 vitio
899 3533 997 3591 mutat,
1007 3541 1094 3580 sensu
1107 3524 1217 3598 integro
1234 3531 1346 3578 servato

254 3623 337 3698 juxta
362 3638 544 3678 communem
572 3620 720 3677 hominum
747 3620 972 3689 aestimationem,
993 3622 1108 3679 conticit
1128 3627 1346 3677 sacramentum.

258 3719 336 3778 Hine
346 3719 394 3790 qui
406 3717 520 3775 diceret:
533 3717 617 3775 “Hie
628 3728 672 3775 est
682 3737 786 3794 eorpus
797 3718 926 3787 meum;”
937 3739 1007 3778 voee
1016 3718 1105 3777 “hio”
1115 3737 1166 3796 pro
1178 3718 1347 3796 pronomine

258 3817 479 3878 demonstrativo
494 3825 588 3885 utens,
603 3817 746 3875 videretur
759 3817 900 3876 ooufioere
921 3827 1144 3887 sacramentum3
1168 3837 1226 3877 non
1240 3819 1306 3876 item
1322 3820 1347 3875 si

257 3918 384 3978 adverbii
396 3919 484 3976 instar
503 3934 565 3974 earn
587 3915 742 3975 adhiberet.
784 3917 818 3974 Si
831 3935 860 3974 ee
879 3916 988 3977 dicatur
1009 3936 1061 3994 pro
1085 3925 1150 3990 θεῖς
1173 3917 1274 3998 colpus
1295 3937 1347 3995 pro

257 4037 387 4099 corpus,·
408 4017 454 4075 vel
474 4033 617 4095 corpum3
644 4035 744 4076 meum
764 4037 815 4094 pro
835 4035 955 4090 πιθανῆς
983 4017 1057 4078 celis
1079 4037 1131 4096 pro
1152 4019 1253 4091 eelim
1275 4036 1347 4077 zon·

257 4119 366 4199 guinis
380 4137 432 4196 pro
445 4115 612 4196 sanguinis
619 4139 632 4188 ,·
654 4136 740 4175 voees
754 4116 862 4176 eaedem
875 4118 1024 4177 habentur.

296 4225 346 4278 22.
365 4219 400 4278 ln
409 4217 601 4277 consecranda
609 4217 778 4276 eucharistia
785 4217 942 4276 voluntaria
951 4218 1192 4279 animidistreotio
1199 4227 1347 4295 peecatum

257 4336 342 4396 grave
368 4329 421 4385 est,
449 4318 562 4391 quando
585 4317 694 4377 scilicet
711 4318 776 4392 quis
795 4317 914 4377 advertit
939 4337 970 4377 se
993 4319 1122 4387 distrahi,
1149 4328 1177 4376 et
1202 4318 1241 4375 nil
1270 4325 1348 4374 curat

257 4420 383 4477 animum
410 4417 445 4475 ad
472 4438 532 4477 rem
560 4419 629 4476 tanti
655 4418 792 4476 momenti
818 4415 976 4478 revocare.1
1030 4419 1093 4478 “Si
1119 4418 1264 4478 celebrans
1290 4434 1347 4474 nou

625 4595 668 4664 (1)
688 4594 714 4646 Β.
727 4593 802 4660 Alph.
814 4595 830 4646 l.
842 4595 873 4648 vi.
885 4611 910 4646 n.
923 4597 981 4646 224.
