3172 5172
234 539 274 594 92
420 528 477 588 DE
499 525 796 586 SUSCEPTIONE
818 525 1133 588 EUCHARISTIAE.

236 694 401 774 egritudine
415 694 556 753 detinetur
568 693 653 762 lecto,
667 694 737 766 quin
750 711 826 751 mors
840 693 996 762 immineat,
1010 696 1109 768 nequit
1119 703 1184 771 post
1196 696 1322 754 solutum

232 795 375 874 jejunium
386 793 606 860 communicare,
620 793 731 850 etiamsi
745 793 793 849 vix
814 793 905 867 possit
918 793 1022 865 absque
1036 795 1115 870 gravi
1128 793 1322 860 incommodo,

236 894 282 952 vel
302 893 441 969 periculo,
461 892 609 969 jejunare;
636 889 686 948 sed
707 889 866 948 differenda
884 892 938 948 erit
956 893 1132 959 communio,
1159 892 1251 950 donec
1277 901 1324 951 aut

236 993 343 1051 viribus
357 1001 454 1048 auctus
463 991 593 1068 jejunare
607 989 709 1066 possit,
724 999 772 1046 aut
784 989 921 1047 deficiens
933 990 997 1066 lege
1011 989 1144 1048 solvatur.
1187 990 1245 1056 Qui
1258 1009 1323 1048 rure

237 1090 316 1168 degit
329 1091 427 1168 procul
441 1089 475 1146 ab
498 1088 628 1155 ecclesia,
651 1098 680 1146 et
699 1088 848 1160 aliquoties
869 1107 920 1163 per
939 1107 1044 1146 annum
1065 1088 1222 1147 sacerdotis
1237 1091 1324 1164 copia

238 1190 348 1257 fruitur,
370 1187 405 1245 ad
427 1188 522 1245 locum
543 1187 695 1246 Missionis
710 1205 845 1263 pergens,
866 1205 924 1244 non
938 1196 1033 1263 potest
1042 1187 1184 1265 jejunium
1200 1186 1323 1252 solvere,

236 1289 302 1346 licet
315 1295 437 1359 nequeat
445 1286 630 1362 jejunusiter
642 1302 786 1362 peragere,
801 1294 828 1342 et
841 1283 947 1343 idcirco
962 1285 1019 1344 fere
1033 1304 1147 1362 semper
1160 1286 1194 1343 ab
1209 1285 1323 1342 Eucha-

237 1386 314 1442 ristia
333 1384 521 1443 abstineatur:
543 1403 608 1442 nam
633 1383 810 1443 consuetudo
833 1383 973 1442 Ecclesiae
996 1384 1168 1452 adversatur,
1188 1395 1216 1440 et
1229 1383 1320 1442 semel

238 1483 360 1542 admisse
374 1501 458 1541 causa
471 1481 645 1560 hujusmodi,
658 1482 706 1540 lex
715 1484 820 1560 jejunii
834 1484 1049 1541 subverteretur.

277 1586 327 1642 57.
348 1582 441 1641 instar
465 1583 561 1639 viatici
581 1581 757 1640 moribundis
777 1581 867 1649 datur,
889 1581 1002 1653 quando
1028 1582 1191 1639 verosimile
1211 1591 1255 1639 est
1275 1599 1324 1639 eos

239 1680 360 1757 amplius
386 1699 448 1738 eam
481 1681 626 1756 suscipere
653 1684 710 1738 non
736 1699 841 1757 posse:
876 1680 927 1737 sed
960 1683 985 1738 si
1011 1681 1230 1757 supervixerint,
1258 1682 1327 1752 quin

236 1779 390 1839 discrimen
409 1777 537 1847 evadant,
552 1789 673 1856 possunt
692 1781 793 1837 iterum
813 1779 902 1847 refici,
924 1781 1025 1838 saltem
1043 1790 1110 1855 post
1128 1781 1237 1852 aliquot
1250 1779 1321 1836 dics.

239 1879 384 1951 Quantum
408 1886 501 1935 autem
524 1878 679 1936 intercedat
697 1897 815 1936 necesse
837 1879 875 1936 sit
894 1877 1082 1946 intervallum,
1097 1877 1175 1936 nulla
1199 1877 1325 1954 generali
1350 1937 1352 1941 ,

239 1979 304 2055 lege
318 1978 460 2036 Ecclesiae
474 1976 692 2036 determinatur:
714 1986 886 2053 quapropter
908 1978 1022 2036 arbitrio
1035 1993 1088 2035 suo
1100 1977 1141 2033 uti
1160 1975 1263 2052 poterit
1282 1995 1326 2034 sa-

241 2076 351 2145 cerdos,
365 2077 413 2134 ubi
427 2094 484 2134 non
498 2077 589 2134 obstat
598 2076 732 2153 specialis
745 2076 794 2134 lex
807 2077 875 2145 loci,
891 2085 919 2134 et
932 2094 983 2152 pro
996 2075 1138 2133 desiderio
1152 2076 1322 2151 suscepturi,

228 2156 327 2232 'libere
353 2193 416 2231 eam
437 2174 584 2251 impertiri,
605 2175 634 2232 in
654 2175 873 2248 frequentiorem
900 2174 1062 2234 moribundi
1083 2175 1325 2241 communionem,

236 2274 320 2350 juxta
333 2272 473 2331 Ecclesiae
494 2282 629 2341 mentem,
650 2275 793 2350 proclivis.
836 2275 911 2332 Sunt
930 2275 979 2346 qui
999 2275 1120 2351 singulis
1143 2273 1242 2331 diebus
1263 2291 1326 2330 eam

244 2371 304 2429 dari
313 2390 399 2448 posse
410 2367 553 2430 censent¹
579 2373 675 2431 Verba
685 2373 823 2432 Ritualis:
839 2383 858 2410 ‘⁵
869 2373 975 2450 Accipe
986 2372 1154 2441 viaticum‚”
1166 2384 1220 2430 etc.
1235 2372 1328 2431 omitti

242 2489 340 2547 posse,
349 2480 378 2529 et
386 2473 615 2530 consuelaverbs
625 2473 773 2530 substitui:
789 2470 926 2547 “Corpus
934 2472 1064 2540 Domini,
1075 2471 1152 2528 eto.'’
1164 2473 1189 2528 si
1197 2472 1328 2530 infirmus

241 2568 373 2646 magnam
389 2571 528 2628 tristitiam
542 2589 578 2626 ex
588 2579 678 2628 morte
696 2571 863 2628 imminente
876 2577 1063 2644 concepturus
1076 2576 1161 2636 esset,
1175 2579 1242 2644 post
1256 2569 1327 2627 alios

171 2735 176 2739 ,
242 2679 341 2726 censet
354 2668 387 2725 S.
402 2659 595 2742 Alphonsus.²
671 2697 674 2700 ·
964 2675 966 2681 ⁴

281 2769 329 2822 58.
352 2765 449 2842 Semel
469 2772 563 2822 eutem
581 2763 612 2821 in
632 2762 731 2822 eadem
755 2765 800 2822 die
820 2765 984 2847 communio
1004 2766 1111 2846 suscipi
1132 2760 1251 2840 potest,³
1270 2767 1327 2823 nisi
1400 2801 1403 2808 ,

241 2865 340 2922 mortis
369 2861 526 2938 periculum
555 2863 737 2939 superveniet
761 2865 788 2921 ei
813 2864 864 2936 qui
888 2882 973 2922 mane
1001 2864 1062 2941 jam
1093 2866 1326 2924 communicavit.

240 2961 361 3021 Plurimi
374 2971 479 3039 negant
492 2961 624 3021 viaticum
645 2961 829 3038 praebendum
849 2962 948 3021 eadem
963 2947 1019 3036 qua
1032 2963 1122 3040 semel
1135 2972 1268 3042 suscepta
1281 2973 1327 3023 est

239 3061 420 3147 Eucharistia
445 3055 526 3132 die3⁴
549 3060 600 3119 sed
626 3080 739 3136 aequum
764 3061 875 3120 videtur
899 3063 1007 3121 nemini
1028 3062 1057 3120 iu
1078 3065 1141 3122 vitae
1164 3063 1327 3134 discrimine

239 3170 345 3219 tautum
359 3161 498 3238 denegare
511 3160 678 3220 subsidium.
716 3161 804 3219 Juxta
822 3162 854 3218 S.
875 3162 1059 3239 Alphonsum
1077 3170 1186 3222 tenetur
1202 3163 1261 3228 ille,
1276 3163 1325 3234 qui
1391 3181 1393 3185 ·

243 3259 322 3318 nullo
347 3261 378 3317 in
402 3260 529 3335 periculo
555 3261 654 3318 mortis
680 3278 797 3319 versans
823 3279 907 3318 mane
937 3262 1168 3331 communicavit,
1194 3261 1328 3320 viaticum

241 3355 379 3434 recipere,
401 3358 425 3414 si
445 3360 544 3418 mortis
565 3359 721 3435 periculum
743 3358 878 3435 deinceps
899 3361 1044 3438 contingat
1062 3363 1211 3438 repentino
1234 3361 1329 3433 aliquo

242 3475 320 3525 casu,
329 3458 410 3534 lapsu
422 3458 575 3516 scilicetex
585 3457 651 3525 alto,
660 3459 820 3534 apoplexia,
834 3459 961 3528 vulnere,
972 3460 1018 3517 vel
1031 3459 1086 3516 alia
1099 3478 1129 3517 rc
1142 3456 1307 3534 hujusmodi
1320 3477 1327 3512 ε

241 3574 300 3613 nou
313 3556 394 3612 enim.
404 3555 493 3612 instar
500 3557 593 3614 viatici
604 3556 815 3613 Eucharistiam
828 3573 912 3612 mane
922 3557 1058 3631 suscepit,
1069 3563 1097 3611 et
1110 3555 1207 3614 divino
1218 3552 1329 3612 videtur

243 3651 391 3709 adstrictus
411 3661 554 3729 praecepto
568 3650 604 3709 ad
623 3652 679 3710 hoc
701 3654 847 3710 munimen
861 3653 915 3710 sibi
935 3654 988 3710 iter
1007 3653 1116 3713 facturo
1137 3653 1172 3710 ad
1193 3654 1325 3728 patriam,

243 3745 481 3820 exquirendum.⁵
521 3748 670 3822 Equidem·
689 3751 791 3826 poterit
813 3769 934 3826 paroous
957 3769 1009 3826 pro
1035 3751 1149 3810 arbitrio
1170 3751 1241 3810 illud
1261 3770 1331 3828 prae-

242 3849 320 3916 bere,
334 3846 380 3905 vel
400 3846 549 3924 denegare,
573 3849 643 3921 quin
665 3849 818 3926 episcopus
842 3850 872 3907 in
895 3848 964 3907 eum'
984 3849 1091 3908 idcirco
1105 3851 1327 3911 animadvertat:

242 3967 296 4006 nec
316 3947 394 4006 enim
412 3937 447 4004 de
467 3965 497 4004 re
518 3947 589 4006 adeo
609 3955 791 4006 controversa
810 3946 885 4025 apud
905 3948 1053 4026 theologos
1074 3950 1228 4029 episcopus
1248 3951 1332 4009 debet

242 4046 350 4122 aliquid
375 4039 553 4105 decemere.⁶
604 4047 748 4130 Viaticum
775 4065 833 4107 uon
859 4056 904 4106 est
929 4048 1124 4124 praebendum,
1146 4051 1259 4126 quoties
1288 4059 1331 4106 est

276 4205 303 4269 (1
307 4211 319 4270 J
339 4202 518 4267 sannis.
530 4218 555 4252 n.
567 4205 625 4252 ass.
898 4206 939 4272 (ε)
959 4191 1058 4254 niues.

277 4290 319 4352 (3)
340 4286 402 4351 Cep.
413 4287 447 4340 iti.
458 4287 487 4338 de
498 4285 581 4340 celebr.
592 4295 616 4338 et
626 4305 679 4352 cap.
690 4288 792 4349 Sufficit,
804 4287 833 4340 dc
842 4304 945 4341 consecr.
955 4289 1009 4339 dist.
1021 4291 1038 4339 i.

276 4371 318 4436 (4)
338 4369 434 4432 Delugo
446 4372 511 4435 apud
522 4373 631 4422 Antoine
641 4379 702 4422 tract
712 4373 742 4423 de
754 4373 834 4424 Euch.
846 4389 867 4423 o.
878 4373 903 4422 ii.
915 4390 956 4438 qu.
968 4375 985 4424 i.
1020 4373 1092 4426 Noto.
1109 4369 1113 4374 ’

278 4455 320 4521 (5)
339 4452 369 4503 L.
381 4454 412 4504 vi.
422 4469 448 4504 n.
460 4459 518 4506 285.
690 4460 732 4525 (6)
753 4457 845 4509 Beued.
856 4459 927 4509 XIV.
938 4460 968 4510 de
980 4459 1081 4524 synodo,
1093 4460 1108 4510 l.
1121 4459 1161 4509 vii.
1172 4474 1193 4509 c.
1203 4459 1238 4510 xi.
1250 4473 1275 4508 n.
1287 4462 1310 4510 2.
