3144 5192
557 521 615 581 DE
636 520 960 581 INDULGENTIIS.
1246 527 1306 582 243

215 690 372 749 Concessa
386 690 460 749 vivis
478 696 625 763 nequeunt
636 685 779 746 defunctis
799 687 948 765 applicari,
962 686 1020 747 nisi
1033 687 1063 745 in
1079 685 1189 747 indulto
1211 690 1306 766 expri·

217 800 325 848 matur:
346 808 409 863 quae
429 797 522 847 autem
542 786 678 866 applicari
703 795 834 864 possunt,
860 788 982 865 exigunt
1006 795 1164 846 accuratam
1185 805 1307 865 operum

216 889 421 966 impletionem,
445 906 507 962 quae
527 888 557 946 in
582 895 655 944 statu
681 887 776 963 gratia
797 886 897 944 saltem
923 885 1096 963 perficiatur,
1117 884 1202 947 debet
1228 887 1306 946 enim

216 988 295 1065 prius
315 989 370 1047 sibi
396 1005 561 1065 comparare
581 985 788 1064 indulgentiam
808 986 857 1058 qui
882 1003 946 1043 eam
967 985 1027 1043 vult
1049 985 1127 1043 alteri
1153 985 1306 1064 applicare.

217 1085 307 1146 Porro
321 1087 439 1146 effectus
462 1105 519 1146 nou
533 1094 578 1144 est
589 1095 681 1144 certus
702 1083 799 1158 quoad
818 1083 984 1152 defunctos3
1002 1083 1053 1143 sed
1067 1085 1173 1160 pendet
1193 1104 1230 1144 ex
1250 1085 1308 1144 Dei

216 1186 405 1264 beneplacito,
421 1205 509 1260 quum
522 1185 597 1243 desit
609 1178 790 1262 promissio}

254 1291 325 1344 253.
348 1286 446 1344 Nemo
466 1284 621 1362 plenariam
645 1301 762 1361 prorsus
776 1282 981 1360 indulgentiam
1002 1283 1196 1355 consequitur,
1210 1285 1260 1355 qui
1273 1285 1308 1342 ab

216 1387 297 1444 omni
309 1404 376 1462 erga
389 1393 537 1462 peccatum
558 1383 669 1442 veniale
690 1383 793 1440 affectu
806 1381 878 1439 liber
896 1400 955 1440 non
977 1383 1024 1449 sit,
1039 1367 1128 1454 quum
1149 1401 1234 1460 poena
1250 1401 1309 1441 non

216 1485 373 1543 remittatur
398 1483 484 1559 culpa
505 1493 654 1541 manente:
683 1481 734 1540 sed
754 1489 849 1557 potest
867 1489 1033 1540 ceterorum
1054 1482 1166 1540 veniam
1194 1483 1308 1560 plenam

217 1584 365 1656 consequi,
380 1583 429 1655 qui
455 1583 575 1660 alicujus
598 1591 707 1640 tantum
733 1590 843 1639 tenetur
869 1579 983 1648 affectu,
1005 1579 1127 1653 ideoque
1147 1599 1199 1658 pro
1222 1582 1309 1640 animi

217 1681 404 1759 dispositione
419 1681 596 1759 perfectiore,
610 1681 730 1740 effectus
750 1681 842 1758 maJor
856 1689 916 1737 est:
933 1698 999 1738 nam
1020 1679 1157 1739 Pontifex
1177 1692 1310 1739 censetur

218 1780 376 1840 concedere
390 1781 545 1860 plenariam
559 1781 759 1840 remissionem
779 1779 985 1855 impetrandam
1005 1798 1058 1856 pro
1078 1780 1231 1857 capacitate
1245 1782 1310 1839 sub·

214 1883 297 1958 jecti,
311 1892 342 1939 ut
356 1882 510 1940 remittatur
522 1899 607 1956 poena
620 1889 800 1957 peccatorum
821 1879 973 1937 venialium
993 1880 1188 1937 remissorum.
1231 1877 1310 1938 Con·

218 1980 306 2040 sessio
319 1980 354 2039 ad
368 1979 551 2058 indulgentie
562 1980 794 2038 consecutionem
804 1979 964 2036 necessaria
973 1988 1025 2047 est,
1034 1978 1173 2050 licetquis
1184 1979 1310 2038 mortalis

218 2082 326 2156 peccati
339 2081 394 2140 sibi
417 2080 551 2139 conscius
565 2099 624 2138 non
644 2081 691 2148 sit,
706 2081 731 2138 si
753 2080 782 2136 in
796 2079 952 2155 diplomate
974 2079 1059 2136 verba
1081 2078 1143 2135 haec
1162 2078 1306 2156 legantur:

221 2180 308 2247 “Qui
321 2198 387 2238 vere
407 2180 578 2256 prenitentes
599 2180 736 2247 confessi,
748 2178 841 2247 duc.,''
856 2180 894 2236 ita
911 2179 987 2236 euim
1002 2179 1138 2254 probante
1159 2176 1311 2238 Clemente

220 2278 305 2337 Xlll.
320 2279 415 2337 statuit
428 2278 461 2336 S.
475 2278 513 2337 O.
528 2278 783 2356 Indulgentiarum.

260 2382 330 2436 254.
344 2376 364 2435 J
366 2377 492 2436 ubilacus
506 2386 551 2436 est
564 2377 739 2456 indulgentia
752 2377 878 2456 plenaria
891 2393 955 2432 cum
969 2375 1126 2452 privilegiis
1141 2377 1310 2452 coujuncta3

220 2477 330 2536 scilicet
355 2477 386 2535 fit
418 2477 534 2536 facultas
567 2477 759 2556 Regularibus
792 2475 999 2535 confessarium
1032 2474 1195 2548 quemlibet,
1226 2475 1312 2534 etiam

221 2577 395 2644 secularem,
407 2595 444 2635 ex
458 2577 583 2654 probatis
597 2579 632 2636 ab
647 2571 827 2645 Ordinari0,²
839 2585 868 2633 ct
877 2573 1142 2634 sanctimonialibus
1155 2574 1313 2646 quemlibet

220 2694 257 2734 ex
269 2677 394 2753 probatis
408 2675 442 2733 ad
457 2672 613 2735 audiendas
628 2677 796 2736 monialium
811 2675 1018 2742 confossiones,
1032 2674 1087 2733 sibi
1101 2667 1252 2751 eligendi,³
1265 2674 1311 2732 cui

221 2775 304 2852 plena
328 2775 460 2833 tribuitur
488 2785 613 2851 potestas
640 2777 674 2833 ab
701 2777 835 2833 omnibus
859 2774 985 2851 peccatis
1019 2781 1047 2830 ct
1078 2775 1218 2843 censuris,
1244 2773 1313 2832 licet

222 2875 374 2932 reservatis
393 2873 515 2932 Summo
529 2873 675 2943 Pontifici,
688 2875 735 2933 vel
754 2874 904 2950 episcopo,
918 2872 1103 2941 absolvendi3
1118 2882 1146 2930 et
1164 2883 1231 2932 vota
1245 2873 1312 2931 sim·

222 2972 317 3049 plicia,
331 2972 459 3048 exceptis
473 2972 508 3030 iis
522 2991 585 3046 que
604 2973 635 3031 in
655 2973 904 3032 communitatibus
925 2972 1101 3040 emittuntur,
1115 2980 1145 3029 et
1163 2973 1192 3030 in
1210 2972 1313 3046 quibus

223 3071 343 3130 aliorum
364 3072 491 3140 interest,
505 3072 534 3130 in
548 3072 604 3130 alia
623 3074 672 3148 pia
684 3092 772 3150 opera
791 3069 1002 3140 commutandi;
1023 3078 1051 3127 et
1073 3069 1258 3146 dispensandi
1279 3069 1314 3126 ab

223 3170 474 3247 irregularitatibus
506 3173 659 3231 contractis
688 3173 726 3232 ob
759 3189 943 3231 censurarum
977 3165 1187 3228 violationem.⁴
1234 3168 1314 3227 Dum

224 3269 382 3328 celebratur
394 3269 532 3329 Jubilaeus
546 3271 608 3330 aliae
631 3271 814 3350 indulgentiae
834 3269 1053 3347 suspenduntur,
1068 3278 1169 3344 praeter
1188 3286 1236 3326 eas
1250 3283 1314 3341 quae

224 3369 402 3428 moribundis
419 3368 614 3439 conferuntur,
629 3372 675 3430 vel
701 3391 764 3445 quae
785 3369 927 3429 defunctis
948 3368 1087 3446 applicari
1112 3364 1247 3440 queunt,⁵
1266 3365 1313 3425 vel

224 3487 287 3541 quar
300 3468 470 3543 quibusdam
484 3469 616 3529 fidelibus
630 3470 791 3539 datorum,
805 3469 852 3528 vel
861 3487 924 3542 quoe
938 3470 972 3526 ab
983 3468 1121 3545 episcopo
1130 3468 1187 3527 loci
1200 3466 1312 3526 dantur.

222 3567 382 3628 Facultates
397 3579 491 3630 autem
510 3572 714 3647 episcopomm
735 3571 802 3649 jure
822 3569 978 3637 communi,
996 3567 1040 3626 vel
1061 3567 1179 3645 speciali
1204 3566 1314 3628 indulto

222 3669 338 3740 innixa,
353 3680 479 3730 manent.
522 3671 684 3730 Facultates
705 3669 873 3730 absolvendi
894 3689 910 3728 a
929 3668 1055 3746 peccatis
1076 3669 1224 3727 reservatis
1245 3665 1315 3728 Sedi

189 3809 197 3817 .
224 3769 398 3843 Apostolicn
424 3781 453 3828 et
477 3769 674 3830 commutandi
700 3779 777 3839 vota,
792 3769 983 3848 Regularibus
1009 3789 1026 3828 a
1051 3766 1128 3828 Sede
1150 3767 1316 3846 Apostolica

226 3883 382 3936 concesse,
393 3869 609 3946 suspenduntur
622 3878 751 3946 tempore
763 3869 877 3929 Jubilaei
891 3870 969 3930 Anni
983 3857 1107 3928 Sancti.⁶

295 4052 337 4117 (r)
357 4049 384 4099 a.
395 4051 471 4116 Arpu.
481 4053 497 4102 1.
509 4053 541 4104 vt.
551 4069 578 4104 n.
589 4055 647 4105 5³4.
662 4057 701 4106 ro.
912 4056 954 4121 (a)
974 4052 1021 4104 ute
1035 4053 1065 4100 ra
1078 4049 1160 4101 Mirm
1175 4048 1247 4099 troo.

293 4137 336 4202 (3)
355 4135 429 4186 Alex.
441 4136 497 4186 VII.
508 4137 536 4187 in
547 4136 634 4189 const.
651 4138 810 4208 (inigenitus.

253 4285 256 4294 .
292 4225 336 4290 (4)
355 4221 449 4273 Bcnod.
459 4223 647 4296 xrv2concit
663 4224 904 4278 Gelebrotiooemdn
915 4222 982 4274 Bull.
992 4227 1011 4272 t.
1022 4222 1056 4272 iii.

294 4309 337 4376 (5)
357 4307 457 4369 Ibidem,
470 4293 556 4375 const}
571 4308 813 4362 convocamur-12.

293 4395 336 4461 (6)
356 4392 398 4444 Ex
408 4393 469 4444 decl
481 4393 576 4444 Urbani
590 4393 655 4445 vm.
666 4411 724 4446 anu.
738 4394 810 4444 toas.

295 4479 339 4548 (6)
359 4479 454 4531 Bsncd.
462 4478 534 4531 XIV.
545 4477 631 4531 comt
643 4479 713 4533 Inter
721 4478 867 4550 praeteritos.
