3108 5162
562 543 619 603 DE
641 543 938 604 SPONSALIBUS.
1235 551 1295 607 287

205 711 349 788 sponsalia
369 728 423 770 suo
445 709 561 770 nomine
580 717 610 768 ct
629 727 772 769 censensu
791 710 864 768 facta
876 719 940 768 ante
953 708 1154 787 pubertatem.1
1195 710 1296 772 Frater

205 811 252 868 vel
264 829 345 870 soror
357 811 456 884 nequit
468 827 521 868 suo
534 827 677 869 consensu
687 809 775 886 ligare
789 827 917 868 sororem
931 808 977 868 vel
989 809 1103 870 fratrem
1118 810 1292 872 adstantem:

206 927 272 968 nam
282 911 332 988 jus
345 909 374 966 id
388 909 512 985 speciale
526 907 561 967 de
575 908 740 986 parentibus
753 908 859 968 statuit.

247 1013 294 1067 ll.
316 1008 374 1074 Qui
387 1009 509 1084 puberes
523 1008 588 1067 facti
601 1017 677 1077 sunt,
699 1025 752 1067 suc
771 1007 858 1066 veluti
867 1007 933 1085 jure
947 1008 1093 1084 sponsalia
1105 1009 1292 1068 contrahunt:

205 1119 327 1166 attamen
340 1107 511 1180 obsequium
534 1109 697 1184 parentibus
717 1106 842 1164 debitum
862 1107 953 1182 exigit
966 1115 1108 1168 uteorum
1122 1110 1252 1168 voluntas
1267 1120 1295 1168 et

205 1224 362 1266 consensus
376 1207 551 1279 exquiratur.
594 1205 716 1265 Constat
734 1204 849 1278 quidem
870 1223 907 1262 ex
921 1205 1075 1282 Scripturis
1088 1225 1138 1266 eos
1157 1209 1188 1268 in
1201 1209 1295 1268 matri·

203 1307 309 1366 moniis
329 1304 516 1366 conciliandis
538 1305 696 1383 precipuas
716 1322 831 1380 semper
843 1304 937 1381 egisse
951 1313 1062 1382 partes:
1084 1305 1162 1380 quod
1174 1317 1203 1365 et
1216 1325 1294 1368 ccm-

204 1405 341 1464 mendant
352 1404 481 1482 plurimae
496 1404 645 1462 utilitates:
666 1403 717 1462 sed
731 1413 760 1462 et
771 1403 820 1462 lex
833 1403 936 1472 civilis,
951 1423 1008 1478 qua
1020 1405 1155 1482 regimur,
1170 1412 1246 1464 vetat
1257 1423 1295 1466 ne

205 1505 310 1580 nuptia
331 1504 463 1563 ineantur
484 1523 501 1562 a
521 1503 679 1563 minoribus
702 1512 793 1570 aetate,
816 1503 924 1574 absque
946 1511 1095 1579 parentum
1108 1505 1207 1564 venia:
1235 1523 1293 1578 quc

205 1611 289 1678 pacto
301 1613 330 1661 et
343 1603 489 1680 sponsalia
501 1602 588 1661 vetita
600 1601 741 1661 videntur.
783 1599 870 1659 Salva
883 1613 977 1660 tamen
990 1604 1151 1679 parentibus
1165 1622 1297 1663 reveren·

204 1701 253 1768 tia,
266 1701 391 1779 filicmm
404 1702 516 1760 libertas
538 1709 598 1760 tum
619 1702 648 1760 in
668 1700 802 1778 eligendo
821 1701 1011 1769 matrimonio,
1026 1701 1072 1761 vel
1084 1703 1226 1772 caelibatu,
1241 1723 1296 1781 pro

204 1799 303 1870 lubito,
318 1811 378 1860 tum
390 1802 419 1860 in
433 1801 554 1878 conjuge
568 1800 725 1878 seligenda,
741 1797 908 1858 vindicanda
921 1810 981 1858 est:
997 1807 1017 1835 ‘⁴
1027 1800 1139 1878 pater,’'
1153 1803 1246 1876 inquit
1259 1803 1292 1861 S.

204 1898 346 1967 Thomas,
371 1909 391 1936 “
402 1919 460 1958 non
473 1908 569 1976 potest
590 1918 695 1978 cogere
708 1900 798 1958 filium
819 1896 854 1955 ad
877 1900 1089 1960 matrimonium
1102 1919 1155 1979 per
1167 1919 1294 1980 pracep-

202 2007 274 2066 tum,
288 1997 340 2057 sed
353 2008 447 2077 potest
459 2017 524 2058 enm
539 1998 673 2058 inducere
687 2017 724 2057 ex
744 1995 904 2056 rationabili
925 2017 1029 2067 causa:
1053 2009 1081 2056 et
1094 2008 1161 2060 tnnc
1174 2001 1249 2060 sicut
1260 2019 1292 2060 se

203 2097 288 2157 habet
300 2098 375 2158 tilius
390 2098 424 2157 ad
438 2116 553 2158 causam
568 2098 657 2167 illam,
672 2099 710 2156 ita
723 2117 755 2156 se
768 2097 853 2154 habet
863 2094 898 2154 ad
912 2108 1086 2175 preceptum
1101 2101 1206 2178 patris:
1229 2110 1256 2159 at
1268 2102 1295 2161 si

204 2196 253 2255 illa
266 2216 353 2257 causa
365 2205 448 2276 cogat
460 2198 495 2256 de
505 2199 685 2264 necessitate,
696 2197 743 2257 vel
756 2197 792 2256 de
802 2195 959 2265 honestate,
970 2207 998 2256 et
1006 2208 1179 2277 preceptum
1193 2201 1294 2260 simili·

205 2307 246 2354 ter
268 2304 368 2372 cogat:
402 2297 471 2354 alias
496 2289 605 2354 ι]οιι.”2
657 2297 833 2368 Plerumque
859 2294 933 2354 fiunt
957 2297 1105 2373 sponsalia
1129 2301 1293 2374 parentibus

206 2393 315 2462 insciis,
329 2413 450 2467 quorum
466 2396 532 2472 jura
544 2397 668 2473 graviter
680 2395 807 2472 infringi,
816 2411 868 2470 pro
890 2396 1017 2454 moribus
1039 2397 1154 2466 nostris,
1175 2399 1225 2457 vix
1239 2398 1295 2458 dici

206 2500 337 2570 possunt,
351 2493 472 2566 ideoque
485 2513 501 2552 a
513 2494 592 2572 gravi
605 2503 732 2572 peccato,
754 2493 885 2567 quamvis
902 2493 978 2554 haud
991 2496 1025 2553 ab
1038 2497 1117 2554 omni
1130 2496 1225 2574 culpa,
1240 2515 1289 2556 ex·

206 2602 337 2652 cusantur
349 2593 533 2671 spondentes,
547 2595 572 2654 si
585 2595 657 2654 nihil
671 2593 784 2653 aliunde
798 2603 925 2652 occurrat
938 2593 1214 2670 reprehendendum.

246 2695 292 2752 12.
315 2692 467 2771 Sponsalia
480 2681 614 2752 ineuntur
632 2693 787 2768 aliquando
805 2691 1033 2763 interabsentes,
1054 2714 1105 2772 per
1117 2695 1235 2764 litteras,
1249 2697 1296 2756 vel

204 2809 255 2868 per
273 2802 492 2868 procuratorem,
514 2811 581 2852 nam
609 2801 748 2852 “constat
772 2801 802 2852 et
826 2790 936 2852 absenti
956 2795 1100 2854 absentem
1121 2794 1295 2872 desponderi

205 2882 340 2966 possc.’'³
380 2893 413 2950 Si
434 2892 615 2968 sponsalibus
634 2893 760 2951 conditio
780 2893 912 2968 apposita
931 2894 1025 2961 fuerit,
1040 2905 1103 2953 ante
1116 2913 1179 2956 cam
1192 2896 1294 2972 imple·

205 2997 260 3046 tam
281 2989 517 3065 impedimentum
538 3008 596 3048 non
619 2987 766 3066 pariunt:l
779 2989 830 3050 sed
844 2993 1038 3068 expectandus
1052 3002 1095 3050 est
1108 2988 1150 3052 rei
1162 3005 1292 3054 eventus.

206 3086 256 3144 Sic
270 3105 333 3160 qnae
346 3089 501 3166 spopondit
513 3107 545 3147 se
568 3099 719 3166 nupturam
739 3091 812 3157 viro,
833 3091 858 3148 si
882 3093 955 3149 intra
974 3091 1119 3154 biennium
1140 3091 1294 3159 advenerit,

205 3184 288 3244 debet
301 3195 389 3247 totum
405 3187 474 3247 illud
488 3189 627 3266 temporis
641 3191 765 3267 spatium
779 3198 929 3266 expectare
943 3191 1006 3268 ejus
1019 3189 1188 3248 adventum:
1203 3190 1256 3249 sed
1269 3191 1294 3250 si

204 3285 316 3346 interim
330 3286 406 3346 fratri
420 3289 482 3364 ejus
495 3290 633 3365 nupserit,
655 3290 731 3348 valet
750 3289 972 3348 matrimonium.
1014 3289 1047 3348 Si
1062 3290 1206 3348 mittantur
1219 3290 1294 3350 dona

206 3393 312 3454 mutua,
336 3388 477 3465 praecipue
499 3388 632 3456 annulus,
653 3400 683 3447 et
702 3397 872 3465 acceptetur,
894 3389 1025 3448 videntur
1043 3387 1106 3447 fieri
1129 3391 1291 3467 sponsalia:

205 3482 257 3542 sed
270 3487 418 3559 utriusque
432 3489 544 3546 animus
558 3487 633 3545 clare
646 3488 800 3566 significari
814 3487 906 3546 debet.

245 3588 291 3644 13.
314 3586 468 3665 Sponsalia
481 3587 634 3661 aliquando
648 3588 720 3648 fiunt
733 3587 848 3665 publice
862 3606 956 3646 coram
972 3586 1097 3663 parocho
1111 3598 1140 3647 et
1153 3591 1293 3658 testibus:

202 3683 254 3743 sed
273 3686 351 3746 nulla
373 3687 541 3766 hujusmodi
555 3688 721 3746 solemnitas
736 3687 861 3764 exigitur
880 3700 911 3744 ut
930 3686 1049 3755 valeant,
1063 3708 1130 3748 narn
1159 3691 1294 3750 “sufficit

202 3783 295 3843 nudus
308 3805 466 3846 consensus
487 3786 522 3847 ad
533 3787 733 3846 constituenda
745 3788 890 3863 sponsalia
899 3781 935 3844 :'⁵
955 3797 983 3844 et
992 3787 1065 3846 nihil
1078 3790 1226 3848 innovavit
1238 3789 1293 3848 hac

204 3881 233 3938 in
246 3899 276 3939 re
290 3885 442 3944 concilium
457 3887 671 3946 Tridentinum.
714 3885 858 3947 Caeterum
873 3905 936 3959 quae
949 3887 1049 3945 leviter
1062 3899 1090 3946 et
1102 3899 1209 3946 temere
1222 3888 1295 3946 fiunt

203 3980 420 4055 promissiones,
444 4003 502 4044 non
522 3994 590 4045 sunt
609 3987 786 4064 sponsalium
813 3987 901 4046 instar
921 3985 1078 4052 habendaer
1099 3985 1150 4044 sed
1170 3986 1206 4043 de
1220 3987 1295 4046 seria

203 4078 348 4138 voluntate
361 4098 393 4138 se
406 4083 538 4156 utrinque
560 4084 705 4162 obligandi
726 4095 857 4144 constare
878 4083 973 4152 debet,
993 4091 1026 4142 ut
1046 4084 1082 4143 iis
1103 4093 1179 4144 tanta
1197 4086 1293 4144 inesse

202 4178 246 4238 vis
260 4188 437 4256 agnoscatur.

239 4341 281 4406 (1)
301 4337 332 4389 O.
344 4339 394 4389 viii.
403 4339 434 4390 de
445 4339 512 4405 desp.
523 4341 582 4406 imp.
800 4345 843 4410 (2)
862 4342 891 4392 ln
904 4341 936 4391 iv.
947 4340 1002 4391 dist
1014 4340 1083 4390 xxix.
1094 4357 1136 4404 qu.
1146 4341 1163 4392 i.
1174 4349 1218 4392 art
1229 4343 1260 4393 iv.

238 4427 280 4494 (3)
299 4423 361 4488 Leg.
372 4425 404 4475 iv.
416 4425 445 4477 de
458 4424 573 4493 Sponscl.
794 4428 836 4495 (4)
857 4427 888 4478 0.
899 4427 966 4476 unic.
978 4425 1007 4477 ds
1022 4424 1136 4494 Spnaeal.
1146 4427 1172 4477 in
1186 4430 1209 4477 6.

584 4514 627 4581 (5)
643 4511 703 4576 Leg.
714 4514 745 4563 iv.
757 4513 786 4564 dc
796 4512 910 4582 Sponcal.
