3172 5172
426 529 485 590 DE
506 524 804 588 SUSCEPTIONE
827 509 1154 584 EUCHARISTIAE.'
1291 516 1329 580 83

679 1014 820 1076 CAPUT
841 1013 895 1074 lv.

536 1234 576 1274 DE
597 1232 798 1274 snscnP‘rlom:
819 1231 1040 1273 nucnnmsslnt.

352 1397 379 1472 §.
398 1399 424 1453 l.
471 1394 519 1453 Du
541 1411 747 1454 onussssronu
768 1390 1215 1451 sescismun1Eucrmarsrrsrr.

276 1548 326 1602 40.
348 1544 531 1620 Praeceptum
545 1543 676 1602 divinum
687 1553 764 1602 cxmt
776 1541 987 1601 Eucharistiam
996 1542 1137 1611 sumendi,
1152 1561 1218 1601 nam
1233 1539 1333 1601 Chris·

239 1654 286 1702 tus
301 1643 390 1702 dicit:
413 1650 433 1679 ·‘
446 1642 513 1701 Nisi
533 1643 771 1702 manducaveritis
792 1660 906 1700 carnem
927 1641 994 1700 Filii
1014 1640 1151 1710 hominis,
1166 1652 1195 1701 et
1207 1641 1334 1701 biberitis

240 1743 309 1822 ejus
330 1743 512 1821 sanguinem,
527 1743 738 1802 nonhabebitis
760 1743 845 1800 vitam
866 1741 895 1799 in
915 1742 997 1800 vobis
1009 1733 1054 1797 :’'¹
1075 1742 1236 1815 quaevcrba
1248 1741 1284 1799 de
1297 1742 1333 1798 iis

236 1844 288 1918 qui
302 1843 621 1902 noruntinstitutionem
637 1841 772 1908 divinam,
784 1849 812 1899 et
822 1841 914 1898 valent
924 1840 958 1899 ad
969 1850 1176 1899 sacramentum
1188 1839 1332 1906 accedeus,

238 1943 337 2002 saltem
349 1939 534 2018 intelligenda
552 1952 628 2000 sunt.
671 1941 816 2014 Equidem
837 1940 869 1997 S.
891 1935 1097 2018 Αιιςιιεῑίηιιε,2
1115 1947 1182 2016 post
1194 1938 1335 1998 innocen·

239 2044 309 2101 tium
320 2035 372 2110 Ι.,3
383 2051 488 2100 tantam
500 2041 560 2102 vim
569 2043 603 2100 iis
614 2043 710 2099 inesse
720 2041 846 2120 agnovit,
858 2050 888 2098 ut
900 2039 1053 2114 nequidem
1068 2039 1201 2116 parvulos
1215 2038 1335 2096 salntem

238 2142 358 2214 assequi
384 2139 500 2208 diceret,
528 2142 583 2200 nisi
610 2140 729 2198 Christo
758 2141 1010 2217 conjungerentur,
1033 2138 1109 2212 quod
1136 2140 1164 2198 in
1190 2139 1332 2215 baptismo

238 2241 407 2318 contingere
434 2242 560 2316 agnovit,
587 2242 617 2298 in
640 2259 697 2313 quo
723 2250 821 2298 votum
848 2238 991 2312 quoddam
1027 2237 1217 2296 Eucharistiae
1243 2239 1334 2295 susci·

239 2338 353 2418 piendae
373 2340 556 2416 continetur:
584 2357 647 2412 quae
668 2340 738 2398 ratio
760 2339 814 2397 fuit
833 2338 935 2396 veteris
957 2334 1127 2412 discipline,
1144 2337 1229 2413 juxta
1249 2353 1334 2408 quam

241 2439 359 2497 dabatur
381 2437 545 2496 infantibus.
595 2439 627 2495 S.
652 2438 782 2496 Thomas
805 2446 882 2494 tenet
902 2444 1002 2492 votum
1023 2434 1190 2511 hujusmodi
1216 2435 1334 2492 omnino

239 2539 350 2612 requiri
371 2537 404 2596 ad
426 2537 563 2597 salutem:
592 2538 680 2596 “Res
701 2539 820 2615 alicujus
840 2535 1010 2594 sacramenti
1031 2533 1130 2592 haberi
1150 2541 1245 2610 potest
1270 2543 1334 2592 ante

239 2639 458 2716 perceptionem
484 2637 664 2706 sacramenti,
692 2654 729 2695 ex
754 2638 820 2714 ipso
845 2645 912 2695 voto
944 2635 1112 2694 sacramenti
1145 2632 1334 2711 percipiendi.

240 2737 326 2797 Unde
356 2747 421 2797 ante
447 2737 659 2814 perceptionem
681 2736 768 2814 hujus
795 2735 972 2803 sacramenti,
994 2744 1089 2813 potest
1113 2734 1203 2794 homo
1228 2733 1334 2794 habere

239 2837 358 2896 salutem
371 2856 408 2895 ex
421 2845 489 2895 voto
503 2835 683 2914 percipiendi
696 2835 753 2894 hoc
773 2843 981 2894 sacramentum
994 2856 1001 2894 ε
1024 2837 1098 2894 sicut
1110 2842 1138 2893 et
1152 2844 1216 2893 ante
1229 2835 1336 2912 baptis·

239 2955 320 2996 mum
340 2955 377 2994 ex
397 2943 465 2993 voto
485 2936 631 3012 baptismi.
674 2935 731 2993 Est
750 2943 844 2992 tamen
870 2932 1030 2991 differentia
1050 2942 1187 3006 quantum
1209 2932 1243 2990 ad
1265 2932 1332 2992 duo.

242 3034 340 3096 Primd
361 3034 489 3109 quidem,
512 3037 579 3108 quia
604 3035 765 3112 baptismus
786 3042 830 3091 est
849 3031 1022 3109 principium
1043 3031 1196 3108 spiritualis
1212 3031 1286 3097 vitae,
1308 3039 1336 3088 et

238 3138 326 3215 janua
351 3145 609 3194 sacramentorum:
645 3134 828 3192 Eucharistia
852 3129 920 3190 verb
947 3139 990 3188 est
1016 3130 1098 3204 quasi
1125 3131 1335 3188 consummatio

246 3235 403 3312 spiritualis
414 3234 488 3303 vitae,
500 3243 528 3291 et
535 3234 664 3293 omnium
675 3242 917 3292 sacramentorum
925 3231 1001 3293 finis.
1035 3230 1094 3289 Per
1103 3229 1339 3289 sanctificationes

245 3334 323 3392 enim
343 3333 473 3393 omnium
493 3343 735 3392 sacramentorum
755 3333 787 3391 fit
805 3331 972 3410 praeparatio
992 3329 1027 3388 ad
1047 3329 1270 3407 suscipiendam,
1292 3329 1342 3388 vel

247 3431 469 3492 consecrandam
496 3432 719 3492 Eucharistiam.
761 3432 802 3490 Et
823 3431 888 3490 ideo
909 3421 1056 3508 perceptio
1078 3429 1212 3506 baptismi
1233 3439 1277 3486 est
1290 3447 1338 3486 ne·

244 3535 366 3593 cessaria
379 3532 414 3591 ad
434 3531 625 3592 inchoandam
645 3532 822 3610 spiritualem
836 3531 933 3600 vitam,
948 3531 1094 3608 perceptio
1114 3539 1209 3588 antem
1224 3529 1338 3588 Eucha-

242 3634 327 3692 ristiae
346 3643 391 3692 cst
410 3633 574 3692 necessaria
594 3631 629 3690 ad
649 3631 902 3690 consummandam
923 3632 1034 3708 ipsam:
1057 3649 1113 3690 non
1134 3628 1169 3688 ad
1188 3630 1245 3690 hoc
1258 3628 1335 3705 quod

248 3734 419 3810 simpliciter
438 3733 585 3801 habeatur,
600 3731 652 3790 sed
672 3731 777 3790 sufficit
793 3750 856 3790 eam
877 3729 979 3788 habere
999 3731 1029 3788 in
1050 3739 1125 3799 voto,
1140 3731 1214 3791 sicut
1226 3740 1254 3790 et
1273 3731 1338 3789 finis

244 3831 363 3889 habetur
382 3832 412 3889 in
431 3831 573 3891 desiderio
593 3841 622 3890 ct
641 3833 809 3891 intentione.
851 3830 916 3888 Alia
936 3829 1099 3914 differentia
1124 3840 1177 3898 est,
1200 3831 1268 3904 quia
1286 3847 1338 3905 per

245 3930 418 4006 baptismum
438 3931 581 3990 ordinatur
593 3931 683 3990 homo
702 3929 737 3988 ad
757 3929 986 3989 Eucharistiam:
1009 3938 1037 3987 et
1056 3929 1120 3988 ideo
1134 3947 1171 3986 ex
1191 3929 1247 3987 hoc
1260 3927 1336 4002 ipso,

248 4028 327 4103 quod
338 4029 420 4106 pueri
433 4030 621 4106 baptizantur,
635 4030 803 4091 ordinantur
815 4048 866 4106 per
878 4030 1042 4096 Ecclesiam
1058 4028 1091 4084 ad
1112 4024 1339 4085 Eucharistiam:

246 4138 277 4188 et
297 4131 340 4189 sic
361 4129 436 4188 sicut
454 4148 492 4189 ex
512 4129 567 4189 fide
587 4131 729 4191 Ecclesia
750 4126 878 4198 credunt,
899 4129 941 4186 sic
961 4146 998 4186 ex
1023 4126 1181 4185 intentione
1202 4123 1341 4182 Ecclesiae

246 4228 409 4288 desiderant
423 4228 645 4299 Eucharistiam‚
659 4240 688 4289 et
700 4249 752 4308 per
764 4245 946 4301 consequens
959 4225 1102 4302 recipiunt
1115 4241 1176 4280 rem
1200 4219 1340 4302 ipsius.'’⁴

250 4328 329 4390 Hinc
350 4325 421 4390 atita
441 4330 530 4390 dicit:
562 4329 661 4390 “Hoc
684 4337 894 4388 sacramentum
923 4344 960 4383 ex
982 4326 1079 4401 seipso
1100 4325 1231 4383 virtutem
1254 4323 1340 4384 habet

282 4503 514 4570 (1)Joan.v·n54.
831 4500 874 4567 (2)
894 4497 927 4550 L.
939 4498 955 4549 i.
966 4504 1050 4549 contra
1060 4495 1188 4549 ludunum
1198 4515 1250 4564 cap.
1258 4499 1274 4549 i.

284 4588 326 4655 (8)
344 4586 426 4654 Epist.
437 4587 468 4638 sd
479 4593 561 4653 patres
572 4602 641 4640 conc
652 4585 721 4637 Μῦν.
834 4586 876 4654 (4)
896 4583 922 4635 iii
932 4599 955 4650 p.
967 4600 1008 4649 qu.
1019 4581 1097 4635 lxxiii
1108 4589 1145 4633 art
1154 4581 1189 4633 iii.
1218 4583 1292 4652 Κεφ.
