3144 5192
239 531 296 588 186
567 525 624 586 DE
646 523 996 585 SATISFAOTIONE.

239 693 344 755 Meritb
354 694 439 770 igitur
448 690 593 751 damnavit
600 692 764 753 Alexander
772 691 841 750 Vll.
853 691 1080 769 propositionem
1094 689 1188 748 hanc:
1204 697 1223 727 ‘⁴
1233 690 1329 750 Poeni-

239 805 302 853 tens
316 793 431 870 propria
444 793 606 851 auctoritate
620 792 789 851 substituere
804 792 859 850 sibi
873 790 959 848 aliurn
977 798 1081 866 potest,
1097 790 1147 863 qui
1158 787 1225 848 loco
1239 790 1329 866 ipsius

239 893 435 970 poenitentiam
463 889 649 969 adimpleat.”
691 891 750 957 Qui
774 891 871 968 legere
892 890 1001 962 nequit,
1023 887 1176 961 aliquando
1200 896 1278 947 curat
1299 896 1331 946 ut

241 993 311 1050 alter
323 992 350 1048 ei
363 991 447 1067 legat,
463 990 509 1050 vel
527 1009 584 1048 una
597 990 694 1048 recitet
706 1008 805 1065 preces
819 989 998 1066 prescriptae
1010 1005 1018 1055 ;
1039 987 1090 1047 sed
1104 989 1167 1065 ipse
1188 997 1282 1056 mente
1303 997 1331 1045 et

240 1109 312 1150 voce
332 1091 533 1168 conjungitur:
561 1089 606 1147 oui
631 1088 816 1166 eleemosyna
838 1088 967 1166 injuncta
987 1095 1032 1144 est
1051 1086 1209 1156 tribuenda,
1223 1088 1250 1145 si
1272 1104 1330 1146 non

242 1191 345 1249 habeat
358 1189 518 1265 pecuniam,
533 1186 601 1246 facit
620 1195 652 1246 ut
664 1188 734 1248 alter
746 1206 800 1248 suo
814 1188 930 1248 nomine
951 1186 1015 1246 det:
1030 1186 1094 1263 ipse
1114 1197 1208 1246 autem
1229 1187 1330 1246 merito

243 1300 375 1348 censetur
383 1306 435 1364 per
448 1287 528 1346 illum
542 1287 620 1346 dere.

284 1389 351 1446 119.
374 1387 444 1448 Non
457 1395 567 1445 constat
580 1385 730 1446 Christum
741 1387 864 1464 jussisse
877 1395 909 1445 ut
921 1386 1076 1445 satisfactio
1093 1387 1207 1462 praeiret
1220 1383 1331 1444 absolu-

242 1486 328 1544 tioni:
344 1485 395 1543 sed
408 1486 503 1563 potius
526 1505 564 1545 ex
580 1495 695 1563 recepta
708 1487 848 1570 Ecclesia
869 1486 1031 1563 disciplina,
1045 1484 1136 1558 liquet
1148 1484 1259 1542 venium
1278 1485 1330 1542 rite

242 1585 392 1662 indulgeri,
406 1586 543 1662 imposito
556 1593 663 1644 tautum
687 1603 773 1645 onere
787 1584 991 1645 satisfaciendi.
1033 1584 1083 1644 Ex
1101 1584 1142 1642 rei
1155 1593 1255 1642 natura
1268 1601 1331 1659 pro·

244 1686 304 1744 bari
319 1685 418 1757 nequit
431 1685 611 1760 poenitentem
627 1685 699 1743 solvi
714 1703 772 1744 non
787 1704 873 1761 posse
894 1693 1075 1767 peccatorum
1096 1681 1228 1751 vinculis,
1243 1682 1332 1740 donec

245 1784 377 1843 diuturna
396 1783 587 1842 satisfactione
607 1784 709 1843 eluerit
728 1785 838 1862 culpis,
861 1803 949 1858 quum
973 1783 1066 1860 inagis
1094 1783 1247 1840 conveniat
1268 1781 1332 1840 Deo

244 1883 465 1944 misericorditer
485 1884 632 1960 ignoscere
652 1883 811 1960 poenitenti,
826 1884 875 1956 qui
895 1883 1043 1959 deinceps,
1058 1881 1259 1940 satisfaciendo
1281 1900 1333 1958 pro

244 1984 363 2050 viribus,
378 1983 466 2043 animi
480 1982 602 2041 dolentis
616 1982 733 2040 exhibet
745 1981 850 2040 indicia
863 1990 892 2040 et
904 1990 1080 2059 arguments,
1095 1981 1258 2053 fructusque
1274 1979 1333 2058 dig·

244 2101 298 2141 nos
321 2082 494 2158 poenitentiae
520 2079 595 2139 facit.
638 2080 784 2155 Equidem
811 2090 891 2140 vetus
918 2082 971 2140 fuit
990 2080 1144 2157 discipline
1169 2091 1333 2157 peccatores

244 2181 375 2258 publicos
389 2179 438 2238 diu
453 2180 482 2238 in
505 2179 596 2238 stadio
616 2181 789 2257 poenitentiae
803 2180 938 2249 detinere,
952 2181 1153 2254 laboribusque
1173 2188 1201 2236 et
1221 2178 1335 2237 afflicta·

247 2280 372 2338 tionibus
386 2279 514 2356 corporis
535 2298 680 2349 exercere,
696 2289 846 2354 antequam
862 2279 897 2338 ad
922 2288 1130 2339 sacramentum
1145 2278 1333 2338 Eucharistiae

247 2379 431 2440 accederent:
453 2379 503 2437 sed
529 2379 597 2438 licet
616 2398 733 2458 magnas
754 2380 885 2438 habuerit
903 2380 1038 2439 utilitates
1060 2380 1110 2439 illa
1135 2381 1281 2446 severitas,
1295 2376 1335 2435 nil

246 2479 346 2538 suadet
358 2497 421 2538 eam
435 2497 451 2537 e
465 2478 561 2538 divino
571 2480 637 2557 jure
651 2480 817 2558 profectam,
832 2478 903 2538 adeo
916 2488 947 2536 ut
965 2498 1080 2556 semper
1093 2479 1226 2538 obtineat.
1256 2477 1334 2536 Hinc

178 2633 184 2638 ,
249 2579 406 2640 Pontifices
415 2579 520 2655 saepius
531 2577 700 2640 damnarunt
712 2599 809 2638 eorum
820 2580 1000 2649 assertiones,
1010 2580 1070 2653 qui.
1080 2586 1188 2636 veteres
1199 2577 1333 2637 emulan-

246 2688 288 2736 tes
302 2696 409 2747 mores,
418 2697 522 2736 novam
534 2677 692 2754 disciplinae
706 2681 843 2738 rationein
852 2680 1021 2755 improbant.
1044 2678 1142 2736 Sixtus
1151 2676 1205 2734 lV.
1220 2675 1335 2735 damna·

247 2778 290 2834 vit
306 2777 380 2834 hano
394 2776 473 2834 Petri
485 2775 521 2848 de
542 2777 634 2835 Osma
653 2779 895 2854 propositionem:
919 2781 1018 2838 “Non
1039 2784 1151 2854 peracta
1169 2775 1336 2852 poeuitentia

248 2875 416 2934 confitentes
431 2874 540 2933 absolvi
554 2894 612 2934 non
634 2875 769 2935 dehere.”
811 2877 976 2937 Alexander
990 2875 1072 2936 Vlll.
1093 2876 1188 2952 plures
1204 2873 1335 2952 ejusdem

244 2975 353 3036 tenoris
367 2970 534 3036 damnavit.¹
567 2975 710 3036 Ceterum
722 2978 763 3036 nil
777 2987 852 3036 vetat
864 2985 895 3034 ut
905 2977 1093 3036 confessarius
1102 2976 1202 3054 jubeat
1211 2975 1336 3048 aliquan·

247 3076 284 3137 do
298 3075 503 3151 poenitentiam,
517 3077 578 3135 sive
592 3095 706 3137 ornnem
720 3077 781 3136 sive
794 3077 906 3154 partim,
921 3076 1034 3154 impleri
1043 3084 1106 3134 ante
1119 3075 1334 3140 absolutionem,

249 3175 362 3249 quando
373 3177 411 3235 ita
424 3174 560 3251 expedire
570 3175 682 3254 judicet
691 3169 716 3235 :2
729 3175 884 3236 dummodo
898 3193 955 3235 non
969 3177 1083 3234 affectet
1095 3185 1220 3234 veterem
1233 3173 1336 3233 severi·

235 3283 332 3334 ¹tatem
347 3295 412 3334 cum
425 3277 572 3350 praesentis
586 3275 744 3353 disciplinae
758 3275 937 3344 detrimento,
953 3276 998 3335 vel
1011 3275 1123 3353 injuria.
1164 3274 1337 3346 Plerumque

249 3391 312 3432 vere
330 3374 478 3450 poenitenti
498 3375 592 3433 statim
606 3375 812 3452 ignoscendum
826 3385 879 3442 est,
895 3376 982 3451 patris
1003 3375 1093 3434 filium
1114 3374 1267 3450 prodigum
1281 3391 1337 3431 am·

247 3474 397 3548 plectentis
416 3473 521 3534 instar:
538 3492 593 3548 qua
606 3476 715 3536 ratione
729 3475 884 3534 infirmitati
898 3474 1030 3532 humanae
1044 3475 1227 3540 succurritur,
1241 3473 1338 3530 divino

245 3575 371 3646 praestito
384 3574 481 3650 gratiae
495 3572 640 3631 subsidio:
657 3584 829 3652 quapropter
837 3575 886 3647 qui
894 3573 929 3632 de
943 3574 1055 3633 sincero
1064 3571 1225 3650 poenitentis
1239 3572 1335 3629 animo

245 3669 318 3728 nihil
337 3670 507 3739 dubitantes,
522 3672 731 3732 absolutionem
745 3673 889 3740 differunt,
904 3684 1034 3732 verentes
1048 3691 1084 3732 ne
1105 3672 1175 3731 forte
1196 3671 1292 3743 aliqua
1304 3669 1335 3727 in

243 3768 320 3826 bono
331 3769 478 3845 proposito
489 3787 546 3831 uon
555 3783 748 3846 perseverent,
757 3785 785 3831 ot
796 3773 996 3833 satisfactionis
1004 3792 1090 3850 opera
1101 3773 1178 3849 prius
1188 3768 1335 3847 implenda

247 3869 407 3944 cupientes,
423 3885 479 3926 non
493 3887 527 3926 ea
546 3888 603 3941 qua
615 3890 667 3947 par
679 3882 722 3930 est
741 3872 918 3950 indulgentia
937 3872 1132 3951 peccatoribus
1155 3872 1337 3936 subveniunt,

247 3987 300 4027 nec
314 3969 421 4046 peritos
435 3987 466 4026 se
480 3968 617 4028 exhibent
630 3973 786 4031 animarum
802 3973 941 4031 medicos.

288 4072 356 4129 120.
378 4070 474 4128 Verba
494 4068 542 4128 illa
556 4070 757 4131 absolutionis:
781 4072 958 4145 “Quicquid
979 4073 1048 4131 boni
1071 4071 1186 4139 feceris,
1203 4070 1250 4128 vel
1272 4068 1337 4128 mali

245 4169 386 4250 patienter
397 4170 574 4237 sustinueris,
585 4170 622 4228 sit
634 4172 683 4234 tibi
697 4173 725 4232 in
737 4173 936 4234 remissionem
948 4181 1143 4249 peccatorum,
1155 4177 1338 4248 augmentum

481 4394 523 4459 (l)
548 4392 607 4442 Vide
619 4408 686 4457 prop.
698 4394 747 4442 xvi.
759 4394 817 4442 xvii.
829 4392 897 4443 xviii.
910 4393 973 4442 inter
983 4393 1119 4443 damnatas.

475 4477 517 4542 (2)
541 4477 601 4526 Vide
613 4477 709 4540 Dolugo
721 4478 783 4542 disp.
795 4478 845 4526 xiv.
859 4483 882 4538 ς.
894 4495 918 4531 x.
