3108 5162
566 538 623 598 DE
645 536 941 600 SPONSALIBUS.
1240 547 1298 603 289

209 706 313 766 cedunt
325 716 418 765 tamen
438 703 529 764 croix
542 717 571 765 et
583 707 668 773 Viva,
683 725 748 765 cum
762 707 825 766 aliis
846 704 1006 776 auctoribus
1019 706 1054 764 ab
1074 705 1145 782 ipsis
1159 706 1297 778 adductis,

209 806 286 879 quod
313 806 412 865 oscula
431 816 459 864 et
481 807 631 882 amplexus
653 806 736 882 juxta
763 825 871 864 morem
892 806 988 882 patriae
1009 805 1163 878 aliquando
1184 810 1299 885 sponsis

210 907 332 980 permitti
346 913 484 983 possunt;
499 905 549 964 scd
563 923 620 963 non
635 906 715 963 aliter
727 923 812 977 quarn
826 905 926 963 solutis
940 905 1149 980 permittuntur.
1192 906 1232 965 Et
1245 907 1300 965 hoc

210 1014 254 1062 est
273 1004 427 1080 probabile,
443 1002 529 1061 modo
549 1005 618 1062 tales
633 1015 711 1062 actus
725 1023 783 1062 non
797 1005 854 1062 sint
873 1005 965 1079 pressi
979 1023 1030 1080 per
1050 1004 1163 1077 aliquod
1185 1014 1298 1083 tempus

207 1105 357 1179 protracti;
377 1113 410 1161 ut
427 1105 500 1162 bene
521 1102 641 1162 advertit
667 1103 834 1180 Roncaglia,
857 1103 916 1176 qui,
940 1103 1024 1161 etiam
1048 1121 1098 1160 eos
1121 1103 1242 1164 admittit
1263 1105 1299 1164 ad

207 1202 411 1262 benevolentia
429 1202 718 1262 demonstrationem:
742 1201 793 1262 sed
814 1221 868 1278 ego
888 1221 946 1260 non
966 1201 1153 1271 admitterem,
1174 1205 1231 1262 nisi
1250 1205 1298 1264 ubi

208 1300 317 1376 vigeret
330 1302 394 1360 talis
407 1293 527 1359 usus.’'¹

468 1551 550 1626 §.IL
593 1550 641 1610 Du
663 1569 846 1610 snousncruu
866 1569 1043 1610 susurrores.

250 1759 297 1814 17.
319 1754 477 1812 Solvuntur
496 1754 642 1833 sponsalia
661 1761 766 1812 mutuo
794 1749 966 1822 consensu,²
993 1754 1123 1828 quamvis
1144 1754 1215 1814 fides
1237 1759 1299 1835 jam

207 1854 333 1930 praestita
353 1863 458 1912 temere
478 1853 638 1912 revocanda
657 1854 774 1911 nonsit.
818 1853 876 1911 Sed
897 1854 1059 1930 impuberes
1079 1865 1224 1927 nequeunt
1236 1867 1299 1914 ante

204 1953 383 2030 pubertatem
398 1972 431 2011 ea
451 1953 583 2012 scindere
595 1947 619 2010 :³
632 1959 733 2027 ¹potest
755 1962 848 2012 tamen
869 1953 1002 2011 alteruter
1015 1954 1105 2030 pubes
1121 1953 1183 2029 jam
1196 1953 1299 2022 sactus,

204 2053 289 2111 etiam
305 2051 391 2110 altero
412 2053 511 2121 invito,
527 2069 703 2111 consensum
724 2052 874 2121 retrahere,
890 2071 977 2125 quum
993 2053 1029 2110 cb
1043 2061 1153 2110 aetatem
1174 2061 1300 2112 teneram

205 2170 305 2227 parum
315 2151 398 2209 firma
405 2151 462 2210 sint
473 2171 480 2208 ε
503 2149 659 2209 dummodo
670 2151 773 2229 copula
783 2171 842 2209 uon
854 2148 1062 2210 intervenerit⁴
1102 2150 1184 2209 Licet
1196 2152 1300 2210 suerint

202 2251 365 2325 juramento
378 2250 490 2308 firmata
502 2250 575 2308 solvi
585 2261 728 2326 possunt:
751 2251 818 2324 quia
838 2251 967 2323 sequitur
986 2257 1113 2310 naturam
1133 2261 1296 2310 contractus

207 2349 253 2406 oui
268 2347 433 2406 adnectitur.

249 2450 295 2504 18.
318 2444 519 2506 Matrimonia
528 2454 599 2527 post
612 2447 689 2507 inito
704 2466 770 2506 cum
784 2447 838 2505 alia
851 2447 997 2523 sponsalia
1007 2432 1155 2505 solvuntur
1166 2443 1190 2514 3⁵
1200 2434 1298 2520 quam-

207 2547 250 2603 vis
265 2545 340 2604 enim
355 2545 441 2604 fidem
462 2545 592 2605 violando
605 2557 707 2623 peccet
726 2565 863 2624 sponsus,
878 2555 1039 2604 contractus
1053 2547 1097 2604 vis
1111 2565 1168 2604 non
1183 2546 1297 2617 tollitur,

203 2663 306 2718 resque
320 2643 385 2704 data
405 2645 484 2704 alteri
504 2664 562 2703 non
584 2656 680 2722 potest
698 2646 802 2705 retrahi
816 2646 852 2703 ob
873 2646 1094 2722 promissionem
1116 2645 1195 2703 alteri
1218 2647 1299 2722 prius

204 2744 323 2802 iactam:
344 2744 418 2802 sicut
430 2747 455 2802 si
476 2763 557 2802 merx
573 2746 697 2804 tradatur
710 2744 841 2822 emptori,
856 2745 931 2803 valet
951 2754 1121 2813 contractus,
1136 2744 1203 2802 licet
1217 2746 1298 2805 alteri

203 2845 283 2920 prius
310 2843 395 2901 suerit
420 2846 572 2924 promissa.
615 2843 695 2902 Hinc
721 2844 868 2921 sponsalia
896 2843 931 2902 de
957 2845 1063 2913 futuro,
1087 2845 1170 2902 etiarn
1193 2846 1298 2922 jurata,

205 2943 337 3000 amittunt
356 2943 425 3007 vim,
447 2944 627 3000 matrimonio
649 2952 808 3002 contracto:
842 2941 893 3000 sed
914 2944 1060 3021 sponsalia
1086 2944 1244 3020 posteriora
1263 2944 1298 3003 de

205 3039 300 3099 saturo
316 3039 507 3107 matrimonio,
522 3042 602 3100 omni
623 3054 718 3100 carent
733 3044 769 3111 vi,
785 3042 1010 3119 praecedentibus
1031 3041 1095 3099 aliis
1116 3044 1297 3118 sponsalibus

205 3137 382 3216 hujusmodi,
397 3158 463 3198 nam
478 3139 576 3198 illicita
589 3150 632 3199 est
645 3143 799 3218 promissio
813 3141 853 3198 rei
867 3142 946 3200 alteri
956 3142 1019 3219 jam
1032 3140 1185 3216 promissa.
1221 3140 1299 3199 Hinc

205 3237 389 3297 Innocentius
403 3238 457 3298 ΙΙΙ.
472 3239 620 3317 respondit
634 3242 772 3318 episcopo
786 3239 916 3299 cuidam:
939 3241 1002 3298 “Si
1015 3239 1088 3297 forte
1102 3258 1153 3316 per
1163 3239 1250 3297 verba
1263 3239 1298 3298 de

205 3338 301 3396 futuro
321 3338 465 3413 sponsalia
479 3357 544 3397 cum
558 3331 676 3413 utraque
697 3341 846 3407 contraxit,
866 3340 1060 3417 juramentum
1074 3338 1210 3415 primum,
1226 3339 1299 3399 sicut
1319 3356 1322 3361 ·

205 3437 282 3495 licite
302 3435 474 3506 factumest,
489 3440 584 3514 ipsum
607 3430 718 3497 servare
732 3438 904 3516 compellas:
927 3439 962 3497 de
977 3437 1105 3496 secundo
1119 3439 1146 3496 ei
1161 3438 1299 3514 poeniten·

205 3537 273 3594 tiam
289 3529 519 3613 injuncturus.''⁰
559 3538 645 3605 Quod
667 3540 693 3596 si
711 3537 812 3615 copula
829 3556 894 3595 cum
916 3536 1041 3597 secunda
1060 3538 1176 3596 conscia
1195 3519 1298 3614 prioris

205 3635 312 3696 vinculi
332 3636 523 3705 intervenerit,
539 3636 631 3696 adhuc
652 3647 749 3698 manet
761 3637 804 3695 vis
826 3639 952 3713 priorum
973 3638 1169 3715 sponsalium3
1191 3639 1215 3695 si
1237 3638 1298 3697 haec

204 3735 275 3794 illud
298 3736 479 3814 ignoraverit,
505 3737 601 3814 plures
625 3738 651 3794 ei
673 3738 785 3796 favent:
808 3735 858 3793 sed
877 3738 1058 3796 communius
1076 3746 1104 3796 et
1125 3738 1299 3816 probabilius

205 3833 331 3909 theologi
351 3835 448 3893 dicunt
467 3835 561 3895 adhuc
581 3855 646 3895 oum
665 3836 753 3913 priori
775 3836 998 3895 contrahendum
1019 3838 1192 3896 necessario.
1234 3837 1300 3894 Ple·

206 3948 327 4002 rumqus
347 3933 452 3992 volenti
473 3933 639 4002 secundam,
654 3955 721 3994 cum
743 3953 798 4008 qua
817 3953 877 3992 rem
897 3934 1005 4003 habuit,
1024 3936 1138 4002 ducere,
1153 3935 1203 3991 vix
1224 3934 1300 3992 obex

205 4027 375 4105 praebendus
395 4041 448 4098 est,
463 4050 551 4105 quum
570 4033 626 4092 alio
647 4044 729 4112 pacto
748 4033 854 4111 injuria
873 4033 950 4091 haud
971 4041 1124 4110 reparetur,
1146 4043 1175 4088 et
1194 4049 1300 4112 sponsa

277 4254 321 4319 (1)
340 4249 370 4301 L.
380 4252 413 4302 vi.
425 4268 450 4302 n.
461 4257 520 4304 854.
870 4257 913 4321 (2)
934 4255 995 4320 Gap.
1006 4255 1033 4304 ii.
1043 4254 1073 4306 de
1085 4253 1213 4320 sponsal..

276 4339 319 4404 (3)
338 4337 366 4386 C.
376 4337 417 4387 vii.
428 4336 457 4390 de
468 4339 580 4407 deipara
592 4341 761 4406 impuberum·
874 4342 918 4407 (4)
938 4341 968 4389 G.
979 4339 1029 4391 viii.
1042 4339 1138 4388 ibidem.

275 4425 317 4490 (b)
338 4422 369 4472 0.
380 4423 448 4473 xxxi.
460 4422 490 4475 de
500 4424 667 4493 sponsalibus.
875 4427 917 4491 (6)
938 4423 969 4474 Ο.
981 4423 1040 4474 xxii.
1052 4424 1148 4475 ibidem.
1210 4461 1212 4466 .

246 4519 322 4580 Vos.
337 4519 477 4581 lli-ac
