<?xml version="1.0" encoding="UTF-8"?>
<!DOCTYPE html PUBLIC "-//W3C//DTD XHTML 1.0 Transitional//EN"
    "http://www.w3.org/TR/xhtml1/DTD/xhtml1-transitional.dtd">
<html xmlns="http://www.w3.org/1999/xhtml" xml:lang="en" lang="en">
 <head>
  <title>
</title>
<meta http-equiv="Content-Type" content="text/html;charset=utf-8" />
  <meta name='ocr-system' content='tesseract 3.04.00' />
  <meta name='ocr-capabilities' content='ocr_page ocr_carea ocr_par ocr_line ocrx_word'/>
</head>
<body>
  <div class='ocr_page' id='page_1' title='image "./theologiaemoral02kenrgoog_0353.png"; bbox 0 0 3108 5162; ppageno 0'>
   <div class='ocr_carea' id='block_1_1' title="bbox 288 530 1176 594">
    <p class='ocr_par' dir='ltr' id='par_1_1' title="bbox 288 530 1176 594">
     <span class='ocr_line' id='line_1_1' title="bbox 288 530 1176 594; baseline 0.006 -5"><span class='ocrx_word' id='word_1_1' title='bbox 288 531 348 590; x_wconf 75' lang='lat'>8³6</span> <span class='ocrx_word' id='word_1_2' title='bbox 484 530 542 594; x_wconf 80' lang='lat' dir='ltr'>DE</span> <span class='ocrx_word' id='word_1_3' title='bbox 561 530 881 594; x_wconf 82' lang='lat' dir='ltr'><strong>IMPEDIMENTIS</strong></span> <span class='ocrx_word' id='word_1_4' title='bbox 901 531 1176 594; x_wconf 81' lang='grc' dir='ltr'><strong>ΜΔΤΙΜΜΟΝΙΙ.</strong></span> 
     </span>
    </p>
   </div>
   <div class='ocr_carea' id='block_1_2' title="bbox 513 811 1149 875">
    <p class='ocr_par' dir='ltr' id='par_1_2' title="bbox 513 811 1149 875">
     <span class='ocr_line' id='line_1_2' title="bbox 513 811 1149 875; baseline 0.003 -3"><span class='ocrx_word' id='word_1_5' title='bbox 513 811 691 874; x_wconf 77' lang='lat' dir='ltr'>scflEMt</span> <span class='ocrx_word' id='word_1_6' title='bbox 712 812 1149 875; x_wconf 77' lang='lat' dir='ltr'><strong>CONSANGUINITATIS.</strong></span> 
     </span>
    </p>
   </div>
   <div class='ocr_carea' id='block_1_3' title="bbox 343 1239 1369 1380">
    <p class='ocr_par' dir='ltr' id='par_1_3' title="bbox 343 1239 1369 1380">
     <span class='ocr_line' id='line_1_3' title="bbox 343 1239 1369 1304; baseline 0.004 -14"><span class='ocrx_word' id='word_1_7' title='bbox 343 1239 387 1290; x_wconf 88' lang='lat' dir='ltr'>1v.</span> <span class='ocrx_word' id='word_1_8' title='bbox 408 1241 443 1290; x_wconf 99' lang='grc' dir='ltr'>Μ.</span> <span class='ocrx_word' id='word_1_9' title='bbox 455 1239 606 1304; x_wconf 79' lang='lat' dir='ltr'>Propetruus</span> <span class='ocrx_word' id='word_1_10' title='bbox 694 1283 697 1288; x_wconf 92' lang='lat'><strong>.</strong></span> <span class='ocrx_word' id='word_1_11' title='bbox 743 1239 787 1289; x_wconf 88' lang='grc' dir='ltr'>ΠΙ.</span> <span class='ocrx_word' id='word_1_12' title='bbox 805 1239 930 1290; x_wconf 84' lang='lat' dir='ltr'>Proavus.</span> <span class='ocrx_word' id='word_1_13' title='bbox 1053 1243 1098 1292; x_wconf 92' lang='lat' dir='ltr'>IV.</span> <span class='ocrx_word' id='word_1_14' title='bbox 1121 1243 1157 1294; x_wconf 88' lang='lat' dir='ltr'>M.</span> <span class='ocrx_word' id='word_1_15' title='bbox 1169 1244 1369 1294; x_wconf 83' lang='lat' dir='ltr'>Proavunculus</span> 
     </span>
     <span class='ocr_line' id='line_1_4' title="bbox 382 1323 1336 1380; baseline 0.004 -6"><span class='ocrx_word' id='word_1_16' title='bbox 382 1325 417 1374; x_wconf 90' lang='grc' dir='ltr'>Μ.</span> <span class='ocrx_word' id='word_1_17' title='bbox 429 1323 567 1374; x_wconf 80' lang='lat' dir='ltr'>Prosmita.</span> <span class='ocrx_word' id='word_1_18' title='bbox 780 1325 899 1375; x_wconf 82' lang='lat' dir='ltr'>Proavia.</span> <span class='ocrx_word' id='word_1_19' title='bbox 1084 1329 1120 1380; x_wconf 84' lang='lat' dir='ltr'>M.</span> <span class='ocrx_word' id='word_1_20' title='bbox 1132 1329 1336 1380; x_wconf 81' lang='lat' dir='ltr'>Promatertera.</span> 
     </span>
    </p>
   </div>
   <div class='ocr_carea' id='block_1_4' title="bbox 364 1472 1353 1610">
    <p class='ocr_par' dir='ltr' id='par_1_4' title="bbox 364 1472 1353 1610">
     <span class='ocr_line' id='line_1_5' title="bbox 364 1472 1353 1528; baseline 0.002 -5"><span class='ocrx_word' id='word_1_21' title='bbox 364 1472 408 1524; x_wconf 86' lang='grc' dir='ltr'>ΠΙ.</span> <span class='ocrx_word' id='word_1_22' title='bbox 425 1474 461 1524; x_wconf 91' lang='grc' dir='ltr'>Μ.</span> <span class='ocrx_word' id='word_1_23' title='bbox 479 1472 585 1526; x_wconf 77' lang='lat' dir='ltr'>Patruus</span> <span class='ocrx_word' id='word_1_24' title='bbox 796 1507 803 1522; x_wconf 87' lang='grc'><strong>.</strong></span> <span class='ocrx_word' id='word_1_25' title='bbox 898 1509 904 1523; x_wconf 90' lang='grc'><strong>.</strong></span> <span class='ocrx_word' id='word_1_26' title='bbox 1068 1475 1112 1527; x_wconf 82' lang='lat'>111.</span> <span class='ocrx_word' id='word_1_27' title='bbox 1129 1475 1165 1526; x_wconf 93' lang='grc' dir='ltr'>Μ.</span> <span class='ocrx_word' id='word_1_28' title='bbox 1176 1477 1353 1528; x_wconf 78' lang='lat' dir='ltr'><strong>Avunculus.</strong></span> 
     </span>
     <span class='ocr_line' id='line_1_6' title="bbox 397 1558 849 1610; baseline 0.007 -1"><span class='ocrx_word' id='word_1_29' title='bbox 397 1558 434 1609; x_wconf 83' lang='grc' dir='ltr'>Μ.</span> <span class='ocrx_word' id='word_1_30' title='bbox 451 1559 552 1610; x_wconf 77' lang='lat' dir='ltr'>Amite.</span> <span class='ocrx_word' id='word_1_31' title='bbox 844 1559 849 1569; x_wconf 91' lang='lat'>&#39;</span> 
     </span>
    </p>
   </div>
   <div class='ocr_carea' id='block_1_5' title="bbox 385 1705 929 1842">
    <p class='ocr_par' dir='ltr' id='par_1_5' title="bbox 385 1705 929 1842">
     <span class='ocr_line' id='line_1_7' title="bbox 385 1705 929 1758; baseline 0 -2"><span class='ocrx_word' id='word_1_32' title='bbox 385 1705 420 1756; x_wconf 39' lang='lat'>111.</span> <span class='ocrx_word' id='word_1_33' title='bbox 437 1706 558 1758; x_wconf 79' lang='lat' dir='ltr'>Patruus.</span> <span class='ocrx_word' id='word_1_34' title='bbox 752 1705 772 1756; x_wconf 88' lang='grc' dir='ltr'>Ι.</span> <span class='ocrx_word' id='word_1_35' title='bbox 796 1706 929 1756; x_wconf 83' lang='lat' dir='ltr'><strong>PATER.</strong></span> 
     </span>
     <span class='ocr_line' id='line_1_8' title="bbox 427 1791 912 1842; baseline -0.002 -1"><span class='ocrx_word' id='word_1_36' title='bbox 427 1791 525 1842; x_wconf 78' lang='lat' dir='ltr'>Amits.</span> <span class='ocrx_word' id='word_1_37' title='bbox 770 1791 895 1841; x_wconf 79' lang='lat' dir='ltr'><strong>MATER</strong></span> <span class='ocrx_word' id='word_1_38' title='bbox 906 1827 912 1840; x_wconf 94' lang='lat'><strong>.</strong></span> 
     </span>
    </p>
   </div>
   <div class='ocr_carea' id='block_1_6' title="bbox 314 2327 633 2465">
    <p class='ocr_par' dir='ltr' id='par_1_6' title="bbox 314 2327 633 2465">
     <span class='ocr_line' id='line_1_9' title="bbox 314 2327 633 2396; baseline 0.009 -18"><span class='ocrx_word' id='word_1_39' title='bbox 314 2327 358 2379; x_wconf 83' lang='grc' dir='ltr'><strong>ΙΙΙ.</strong></span> <span class='ocrx_word' id='word_1_40' title='bbox 375 2328 492 2395; x_wconf 75' lang='lat' dir='ltr'>Nepotes,</span> <span class='ocrx_word' id='word_1_41' title='bbox 503 2335 528 2380; x_wconf 86' lang='lat' dir='ltr'>et</span> <span class='ocrx_word' id='word_1_42' title='bbox 538 2329 633 2396; x_wconf 85' lang='lat' dir='ltr'>Neptes</span> 
     </span>
     <span class='ocr_line' id='line_1_10' title="bbox 406 2413 548 2465; baseline 0.007 -1"><span class='ocrx_word' id='word_1_43' title='bbox 406 2431 437 2464; x_wconf 84' lang='lat' dir='ltr'>ex</span> <span class='ocrx_word' id='word_1_44' title='bbox 449 2413 548 2465; x_wconf 80' lang='lat' dir='ltr'>Fratre.</span> 
     </span>
    </p>
   </div>
   <div class='ocr_carea' id='block_1_7' title="bbox 299 2561 655 2709">
    <p class='ocr_par' dir='ltr' id='par_1_7' title="bbox 299 2561 655 2709">
     <span class='ocr_line' id='line_1_11' title="bbox 299 2561 655 2627; baseline 0.008 -18"><span class='ocrx_word' id='word_1_45' title='bbox 299 2561 343 2610; x_wconf 88' lang='lat' dir='ltr'>IV.</span> <span class='ocrx_word' id='word_1_46' title='bbox 364 2562 513 2627; x_wconf 82' lang='lat' dir='ltr'>Pronepotes</span> <span class='ocrx_word' id='word_1_47' title='bbox 529 2570 554 2612; x_wconf 88' lang='lat' dir='ltr'>et</span> <span class='ocrx_word' id='word_1_48' title='bbox 566 2565 655 2614; x_wconf 84' lang='lat' dir='ltr'>Prone·</span> 
     </span>
     <span class='ocr_line' id='line_1_12' title="bbox 375 2646 578 2709; baseline 0.005 -14"><span class='ocrx_word' id='word_1_49' title='bbox 375 2653 428 2709; x_wconf 76' lang='lat' dir='ltr'>ptus</span> <span class='ocrx_word' id='word_1_50' title='bbox 440 2663 470 2696; x_wconf 86' lang='lat' dir='ltr'>ax</span> <span class='ocrx_word' id='word_1_51' title='bbox 482 2646 578 2697; x_wconf 78' lang='lat' dir='ltr'><strong>Fratre.</strong></span> 
     </span>
    </p>
   </div>
   <div class='ocr_carea' id='block_1_8' title="bbox 191 3054 1517 4385">
    <p class='ocr_par' dir='ltr' id='par_1_8' title="bbox 279 3054 1517 3977">
     <span class='ocr_line' id='line_1_13' title="bbox 332 3054 1517 3221; baseline 0.019 -74"><span class='ocrx_word' id='word_1_52' title='bbox 332 3095 399 3150; x_wconf 84' lang='lat'><strong>151.</strong></span> <span class='ocrx_word' id='word_1_53' title='bbox 424 3089 574 3170; x_wconf 76' lang='lat' dir='ltr'>Cognatio</span> <span class='ocrx_word' id='word_1_54' title='bbox 594 3099 757 3170; x_wconf 80' lang='lat' dir='ltr'>naturalis,</span> <span class='ocrx_word' id='word_1_55' title='bbox 780 3121 842 3175; x_wconf 81' lang='lat' dir='ltr'>quae</span> <span class='ocrx_word' id='word_1_56' title='bbox 864 3106 1094 3184; x_wconf 71' lang='lat' dir='ltr'>consanguinitas</span> <span class='ocrx_word' id='word_1_57' title='bbox 1115 3107 1227 3174; x_wconf 84' lang='lat' dir='ltr'>dicitur,</span> <span class='ocrx_word' id='word_1_58' title='bbox 1250 3118 1294 3166; x_wconf 86' lang='lat' dir='ltr'>est</span> <span class='ocrx_word' id='word_1_59' title='bbox 1315 3128 1381 3186; x_wconf 84' lang='lat' dir='ltr'>pro·</span> <span class='ocrx_word' id='word_1_60' title='bbox 1512 3054 1517 3221; x_wconf 65' lang='lat' dir='ltr'>i</span> 
     </span>
     <span class='ocr_line' id='line_1_14' title="bbox 291 3193 1380 3286; baseline 0.014 -34"><span class='ocrx_word' id='word_1_61' title='bbox 291 3193 434 3272; x_wconf 87' lang='lat' dir='ltr'>pinquitas</span> <span class='ocrx_word' id='word_1_62' title='bbox 448 3210 546 3252; x_wconf 85' lang='lat' dir='ltr'>eorum</span> <span class='ocrx_word' id='word_1_63' title='bbox 560 3213 681 3268; x_wconf 87' lang='lat' dir='ltr'>quorum</span> <span class='ocrx_word' id='word_1_64' title='bbox 695 3201 764 3260; x_wconf 82' lang='lat' dir='ltr'>alter</span> <span class='ocrx_word' id='word_1_65' title='bbox 777 3202 811 3259; x_wconf 89' lang='lat' dir='ltr'>ab</span> <span class='ocrx_word' id='word_1_66' title='bbox 824 3203 921 3273; x_wconf 81' lang='lat' dir='ltr'>altero,</span> <span class='ocrx_word' id='word_1_67' title='bbox 937 3206 981 3263; x_wconf 87' lang='lat' dir='ltr'>vel</span> <span class='ocrx_word' id='word_1_68' title='bbox 992 3217 1112 3280; x_wconf 87' lang='lat' dir='ltr'>uterque</span> <span class='ocrx_word' id='word_1_69' title='bbox 1122 3209 1157 3267; x_wconf 92' lang='lat' dir='ltr'>ab</span> <span class='ocrx_word' id='word_1_70' title='bbox 1170 3206 1271 3266; x_wconf 89' lang='lat' dir='ltr'>eudem</span> <span class='ocrx_word' id='word_1_71' title='bbox 1284 3210 1380 3286; x_wconf 84' lang='lat' dir='ltr'>stipite</span> 
     </span>
     <span class='ocr_line' id='line_1_15' title="bbox 290 3291 1382 3386; baseline 0.016 -35"><span class='ocrx_word' id='word_1_72' title='bbox 290 3291 446 3351; x_wconf 78' lang='lat' dir='ltr'>descendit.</span> <span class='ocrx_word' id='word_1_73' title='bbox 482 3291 531 3350; x_wconf 87' lang='lat' dir='ltr'>Sic</span> <span class='ocrx_word' id='word_1_74' title='bbox 544 3294 620 3355; x_wconf 84' lang='lat' dir='ltr'>filius</span> <span class='ocrx_word' id='word_1_75' title='bbox 635 3309 750 3376; x_wconf 79' lang='lat' dir='ltr'>apetie,</span> <span class='ocrx_word' id='word_1_76' title='bbox 766 3302 864 3360; x_wconf 86' lang='lat' dir='ltr'>fratres</span> <span class='ocrx_word' id='word_1_77' title='bbox 879 3305 914 3361; x_wconf 91' lang='lat' dir='ltr'>ab</span> <span class='ocrx_word' id='word_1_78' title='bbox 934 3303 1035 3365; x_wconf 88' lang='lat' dir='ltr'>eodem</span> <span class='ocrx_word' id='word_1_79' title='bbox 1050 3306 1256 3367; x_wconf 80' lang='lat' dir='ltr'>descendentes</span> <span class='ocrx_word' id='word_1_80' title='bbox 1277 3327 1382 3386; x_wconf 81' lang='lat' dir='ltr'>cogna-</span> 
     </span>
     <span class='ocr_line' id='line_1_16' title="bbox 290 3392 1381 3487; baseline 0.016 -36"><span class='ocrx_word' id='word_1_81' title='bbox 290 3394 367 3451; x_wconf 88' lang='lat' dir='ltr'>tione</span> <span class='ocrx_word' id='word_1_82' title='bbox 389 3392 508 3451; x_wconf 86' lang='lat' dir='ltr'>naturali</span> <span class='ocrx_word' id='word_1_83' title='bbox 522 3399 741 3477; x_wconf 83' lang='lat' dir='ltr'>conjunguntur.</span> <span class='ocrx_word' id='word_1_84' title='bbox 784 3399 883 3460; x_wconf 82' lang='lat' dir='ltr'>Linea</span> <span class='ocrx_word' id='word_1_85' title='bbox 901 3413 944 3462; x_wconf 87' lang='lat' dir='ltr'>est</span> <span class='ocrx_word' id='word_1_86' title='bbox 957 3405 1045 3464; x_wconf 88' lang='lat' dir='ltr'>series</span> <span class='ocrx_word' id='word_1_87' title='bbox 1059 3425 1158 3466; x_wconf 85' lang='lat' dir='ltr'>eorum</span> <span class='ocrx_word' id='word_1_88' title='bbox 1176 3409 1226 3482; x_wconf 89' lang='lat' dir='ltr'>qui</span> <span class='ocrx_word' id='word_1_89' title='bbox 1240 3411 1381 3487; x_wconf 84' lang='lat' dir='ltr'>sanguine</span> 
     </span>
     <span class='ocr_line' id='line_1_17' title="bbox 290 3493 1382 3579; baseline 0.015 -29"><span class='ocrx_word' id='word_1_90' title='bbox 290 3493 511 3570; x_wconf 82' lang='lat' dir='ltr'>conjunguntur,</span> <span class='ocrx_word' id='word_1_91' title='bbox 525 3504 626 3571; x_wconf 83' lang='lat' dir='ltr'>estque</span> <span class='ocrx_word' id='word_1_92' title='bbox 646 3507 736 3568; x_wconf 80' lang='lat' dir='ltr'>rectu,</span> <span class='ocrx_word' id='word_1_93' title='bbox 751 3501 796 3559; x_wconf 86' lang='lat' dir='ltr'>vel</span> <span class='ocrx_word' id='word_1_94' title='bbox 811 3511 978 3572; x_wconf 85' lang='lat' dir='ltr'>transversa,</span> <span class='ocrx_word' id='word_1_95' title='bbox 993 3524 1056 3579; x_wconf 82' lang='lat' dir='ltr'>quae</span> <span class='ocrx_word' id='word_1_96' title='bbox 1077 3517 1105 3565; x_wconf 89' lang='lat' dir='ltr'>et</span> <span class='ocrx_word' id='word_1_97' title='bbox 1125 3506 1303 3567; x_wconf 77' lang='lat' dir='ltr'>collateralis</span> <span class='ocrx_word' id='word_1_98' title='bbox 1323 3508 1382 3567; x_wconf 91' lang='lat' dir='ltr'>dici</span> 
     </span>
     <span class='ocr_line' id='line_1_18' title="bbox 290 3589 1379 3681; baseline 0.02 -37"><span class='ocrx_word' id='word_1_99' title='bbox 290 3592 373 3646; x_wconf 84' lang='lat' dir='ltr'>solet.</span> <span class='ocrx_word' id='word_1_100' title='bbox 394 3589 489 3647; x_wconf 83' lang='lat' dir='ltr'>Recta</span> <span class='ocrx_word' id='word_1_101' title='bbox 503 3591 578 3651; x_wconf 88' lang='lat' dir='ltr'>linea</span> <span class='ocrx_word' id='word_1_102' title='bbox 588 3608 632 3654; x_wconf 86' lang='lat' dir='ltr'>est</span> <span class='ocrx_word' id='word_1_103' title='bbox 644 3601 731 3657; x_wconf 86' lang='lat' dir='ltr'>series</span> <span class='ocrx_word' id='word_1_104' title='bbox 744 3601 955 3662; x_wconf 77' lang='lat' dir='ltr'>ascendentium</span> <span class='ocrx_word' id='word_1_105' title='bbox 964 3614 992 3662; x_wconf 88' lang='lat' dir='ltr'>et</span> <span class='ocrx_word' id='word_1_106' title='bbox 1002 3605 1247 3676; x_wconf 87' lang='lat' dir='ltr'>descendentium,</span> <span class='ocrx_word' id='word_1_107' title='bbox 1258 3627 1379 3681; x_wconf 87' lang='lat' dir='ltr'>quorum</span> 
     </span>
     <span class='ocr_line' id='line_1_19' title="bbox 289 3683 1382 3781; baseline 0.022 -39"><span class='ocrx_word' id='word_1_108' title='bbox 289 3701 363 3742; x_wconf 94' lang='lat' dir='ltr'>unus</span> <span class='ocrx_word' id='word_1_109' title='bbox 374 3685 408 3740; x_wconf 91' lang='lat' dir='ltr'>ab</span> <span class='ocrx_word' id='word_1_110' title='bbox 422 3683 510 3742; x_wconf 85' lang='lat' dir='ltr'>altero</span> <span class='ocrx_word' id='word_1_111' title='bbox 523 3687 680 3764; x_wconf 84' lang='lat' dir='ltr'>descendit,</span> <span class='ocrx_word' id='word_1_112' title='bbox 695 3699 736 3754; x_wconf 87' lang='lat' dir='ltr'>uti</span> <span class='ocrx_word' id='word_1_113' title='bbox 750 3701 847 3774; x_wconf 86' lang='lat' dir='ltr'>patris,</span> <span class='ocrx_word' id='word_1_114' title='bbox 862 3701 925 3768; x_wconf 88' lang='lat' dir='ltr'>filii,</span> <span class='ocrx_word' id='word_1_115' title='bbox 940 3707 1064 3781; x_wconf 85' lang='lat' dir='ltr'>nepotis,</span> <span class='ocrx_word' id='word_1_116' title='bbox 1077 3717 1132 3766; x_wconf 86' lang='lat' dir='ltr'>etc.</span> <span class='ocrx_word' id='word_1_117' title='bbox 1159 3706 1229 3767; x_wconf 77' lang='lat' dir='ltr'>dure</span> <span class='ocrx_word' id='word_1_118' title='bbox 1240 3708 1382 3766; x_wconf 85' lang='lat' dir='ltr'>canonico</span> 
     </span>
     <span class='ocr_line' id='line_1_20' title="bbox 279 3782 1379 3884; baseline 0.022 -42"><span class='ocrx_word' id='word_1_119' title='bbox 279 3782 378 3881; x_wconf 14' lang='lat' dir='ltr'>&#39;stipes</span> <span class='ocrx_word' id='word_1_120' title='bbox 391 3799 449 3841; x_wconf 87' lang='lat' dir='ltr'>non</span> <span class='ocrx_word' id='word_1_121' title='bbox 471 3795 650 3860; x_wconf 83' lang='lat' dir='ltr'>computatur</span> <span class='ocrx_word' id='word_1_122' title='bbox 664 3793 692 3850; x_wconf 79' lang='lat' dir='ltr'>in‘</span> <span class='ocrx_word' id='word_1_123' title='bbox 705 3793 758 3852; x_wconf 87' lang='lat' dir='ltr'>hac</span> <span class='ocrx_word' id='word_1_124' title='bbox 778 3796 862 3866; x_wconf 89' lang='lat' dir='ltr'>linea,</span> <span class='ocrx_word' id='word_1_125' title='bbox 885 3815 1058 3880; x_wconf 83' lang='lat' dir='ltr'>quapropter</span> <span class='ocrx_word' id='word_1_126' title='bbox 1076 3806 1152 3865; x_wconf 92' lang='lat' dir='ltr'>filius</span> <span class='ocrx_word' id='word_1_127' title='bbox 1175 3809 1269 3884; x_wconf 87' lang='lat' dir='ltr'>primo</span> <span class='ocrx_word' id='word_1_128' title='bbox 1292 3807 1379 3884; x_wconf 83' lang='lat' dir='ltr'>gradu</span> 
     </span>
     <span class='ocr_line' id='line_1_21' title="bbox 290 3884 1382 3977; baseline 0.02 -35"><span class='ocrx_word' id='word_1_129' title='bbox 290 3884 371 3963; x_wconf 83' lang='lat' dir='ltr'>patri,</span> <span class='ocrx_word' id='word_1_130' title='bbox 390 3901 481 3962; x_wconf 88' lang='lat' dir='ltr'>nepos</span> <span class='ocrx_word' id='word_1_131' title='bbox 490 3887 616 3948; x_wconf 87' lang='lat' dir='ltr'>secundo</span> <span class='ocrx_word' id='word_1_132' title='bbox 630 3889 717 3968; x_wconf 83' lang='lat' dir='ltr'>gradu</span> <span class='ocrx_word' id='word_1_133' title='bbox 731 3912 794 3963; x_wconf 88' lang='lat' dir='ltr'>avo,</span> <span class='ocrx_word' id='word_1_134' title='bbox 809 3898 1002 3977; x_wconf 84' lang='lat' dir='ltr'>conjungitur.</span> <span class='ocrx_word' id='word_1_135' title='bbox 1043 3905 1135 3964; x_wconf 84' lang='lat' dir='ltr'>Linea</span> <span class='ocrx_word' id='word_1_136' title='bbox 1149 3913 1324 3966; x_wconf 74' lang='lat' dir='ltr'>transversa</span> <span class='ocrx_word' id='word_1_137' title='bbox 1337 3917 1382 3965; x_wconf 83' lang='lat' dir='ltr'>est</span> 
     </span>
    </p>

    <p class='ocr_par' dir='ltr' id='par_1_9' title="bbox 218 3985 1381 4185">
     <span class='ocr_line' id='line_1_22' title="bbox 218 3985 1381 4078; baseline 0.018 -35"><span class='ocrx_word' id='word_1_138' title='bbox 218 4029 224 4036; x_wconf 78' lang='grc'><strong>-</strong></span> <span class='ocrx_word' id='word_1_139' title='bbox 290 4005 390 4046; x_wconf 87' lang='lat' dir='ltr'>eorum</span> <span class='ocrx_word' id='word_1_140' title='bbox 416 3985 464 4060; x_wconf 93' lang='lat' dir='ltr'>qui</span> <span class='ocrx_word' id='word_1_141' title='bbox 491 3993 672 4051; x_wconf 88' lang='lat' dir='ltr'>acommuni</span> <span class='ocrx_word' id='word_1_142' title='bbox 699 3994 793 4072; x_wconf 88' lang='lat' dir='ltr'>stipite</span> <span class='ocrx_word' id='word_1_143' title='bbox 820 3995 1006 4070; x_wconf 88' lang='lat' dir='ltr'>descendunt,</span> <span class='ocrx_word' id='word_1_144' title='bbox 1030 4007 1099 4078; x_wconf 90' lang='lat' dir='ltr'>quin</span> <span class='ocrx_word' id='word_1_145' title='bbox 1125 4007 1194 4066; x_wconf 87' lang='lat' dir='ltr'>alter</span> <span class='ocrx_word' id='word_1_146' title='bbox 1226 4008 1259 4065; x_wconf 89' lang='lat' dir='ltr'>ab</span> <span class='ocrx_word' id='word_1_147' title='bbox 1293 4007 1381 4066; x_wconf 84' lang='lat' dir='ltr'>altero</span> 
     </span>
     <span class='ocr_line' id='line_1_23' title="bbox 290 4085 1380 4185; baseline 0.017 -39"><span class='ocrx_word' id='word_1_148' title='bbox 290 4085 459 4146; x_wconf 79' lang='lat' dir='ltr'>descendat:</span> <span class='ocrx_word' id='word_1_149' title='bbox 474 4088 516 4146; x_wconf 88' lang='lat' dir='ltr'>sie</span> <span class='ocrx_word' id='word_1_150' title='bbox 530 4087 629 4150; x_wconf 86' lang='lat' dir='ltr'>fratres</span> <span class='ocrx_word' id='word_1_151' title='bbox 643 4093 760 4153; x_wconf 82' lang='lat' dir='ltr'>intense</span> <span class='ocrx_word' id='word_1_152' title='bbox 774 4097 856 4156; x_wconf 82' lang='lat' dir='ltr'>lineae</span> <span class='ocrx_word' id='word_1_153' title='bbox 870 4111 1037 4161; x_wconf 74' lang='lat' dir='ltr'>transverse</span> <span class='ocrx_word' id='word_1_154' title='bbox 1050 4105 1138 4182; x_wconf 83' lang='lat' dir='ltr'>gradu</span> <span class='ocrx_word' id='word_1_155' title='bbox 1152 4107 1246 4184; x_wconf 89' lang='lat' dir='ltr'>primu</span> <span class='ocrx_word' id='word_1_156' title='bbox 1259 4109 1380 4185; x_wconf 85' lang='lat' dir='ltr'>conjun-</span> 
     </span>
    </p>

    <p class='ocr_par' dir='ltr' id='par_1_10' title="bbox 191 4188 1382 4385">
     <span class='ocr_line' id='line_1_24' title="bbox 191 4188 1382 4286; baseline 0.02 -46"><span class='ocrx_word' id='word_1_157' title='bbox 191 4242 209 4265; x_wconf 62' lang='lat'>.,</span> <span class='ocrx_word' id='word_1_158' title='bbox 289 4197 404 4262; x_wconf 75' lang='lat' dir='ltr'>guntur,</span> <span class='ocrx_word' id='word_1_159' title='bbox 418 4188 583 4250; x_wconf 87' lang='lat' dir='ltr'>consobrini</span> <span class='ocrx_word' id='word_1_160' title='bbox 595 4195 707 4269; x_wconf 85' lang='lat' dir='ltr'>pariter,</span> <span class='ocrx_word' id='word_1_161' title='bbox 722 4195 808 4274; x_wconf 82' lang='lat' dir='ltr'>gradu</span> <span class='ocrx_word' id='word_1_162' title='bbox 825 4208 919 4286; x_wconf 18' lang='lat' dir='ltr'>tamenn</span> <span class='ocrx_word' id='word_1_163' title='bbox 929 4201 1055 4261; x_wconf 84' lang='lat' dir='ltr'>secundo</span> <span class='ocrx_word' id='word_1_164' title='bbox 1068 4197 1091 4262; x_wconf 87' lang='lat'>:¹</span> <span class='ocrx_word' id='word_1_165' title='bbox 1104 4205 1209 4283; x_wconf 77' lang='lat' dir='ltr'>gradus</span> <span class='ocrx_word' id='word_1_166' title='bbox 1218 4208 1325 4284; x_wconf 90' lang='lat' dir='ltr'>quippe</span> <span class='ocrx_word' id='word_1_167' title='bbox 1337 4215 1382 4264; x_wconf 90' lang='lat' dir='ltr'>est</span> 
     </span>
     <span class='ocr_line' id='line_1_25' title="bbox 290 4283 1382 4385; baseline 0.02 -43"><span class='ocrx_word' id='word_1_168' title='bbox 290 4283 420 4343; x_wconf 86' lang='lat' dir='ltr'>distantia</span> <span class='ocrx_word' id='word_1_169' title='bbox 445 4287 518 4346; x_wconf 85' lang='lat' dir='ltr'>inter</span> <span class='ocrx_word' id='word_1_170' title='bbox 542 4295 781 4372; x_wconf 86' lang='lat' dir='ltr'>consanguineos,</span> <span class='ocrx_word' id='word_1_171' title='bbox 805 4299 855 4370; x_wconf 92' lang='lat' dir='ltr'>qui</span> <span class='ocrx_word' id='word_1_172' title='bbox 881 4319 897 4358; x_wconf 83' lang='lat' dir='ltr'>a</span> <span class='ocrx_word' id='word_1_173' title='bbox 919 4303 1014 4378; x_wconf 89' lang='lat' dir='ltr'>stipite</span> <span class='ocrx_word' id='word_1_174' title='bbox 1037 4304 1067 4361; x_wconf 92' lang='lat' dir='ltr'>in</span> <span class='ocrx_word' id='word_1_175' title='bbox 1095 4323 1152 4379; x_wconf 88' lang='lat' dir='ltr'>quo</span> <span class='ocrx_word' id='word_1_176' title='bbox 1167 4307 1382 4385; x_wconf 81' lang='lat' dir='ltr'>conjunguntur</span> 
     </span>
    </p>
   </div>
   <div class='ocr_carea' id='block_1_9' title="bbox 585 4479 1099 4554">
    <p class='ocr_par' dir='ltr' id='par_1_11' title="bbox 585 4479 1099 4554">
     <span class='ocr_line' id='line_1_26' title="bbox 585 4479 1099 4554; baseline 0.025 -27"><span class='ocrx_word' id='word_1_177' title='bbox 585 4480 627 4546; x_wconf 94' lang='lat' dir='ltr'>(l)</span> <span class='ocrx_word' id='word_1_178' title='bbox 648 4479 712 4530; x_wconf 88' lang='lat' dir='ltr'>Vide</span> <span class='ocrx_word' id='word_1_179' title='bbox 725 4481 787 4548; x_wconf 83' lang='lat' dir='ltr'>Gap.</span> <span class='ocrx_word' id='word_1_180' title='bbox 798 4484 828 4534; x_wconf 81' lang='lat' dir='ltr'>ed</span> <span class='ocrx_word' id='word_1_181' title='bbox 839 4485 928 4548; x_wconf 88' lang='lat' dir='ltr'>sedem,</span> <span class='ocrx_word' id='word_1_182' title='bbox 939 4503 1015 4538; x_wconf 84' lang='lat' dir='ltr'><strong>xxxv.</strong></span> <span class='ocrx_word' id='word_1_183' title='bbox 1025 4505 1058 4554; x_wconf 90' lang='lat' dir='ltr'>qu</span> <span class='ocrx_word' id='word_1_184' title='bbox 1077 4507 1099 4540; x_wconf 80' lang='lat' dir='ltr'>v.</span> 
     </span>
    </p>
   </div>
   <div class='ocr_carea' id='block_1_10' title="bbox 0 0 1558 5162">
    <p class='ocr_par' dir='ltr' id='par_1_12' title="bbox 0 0 1558 5162">
     <span class='ocr_line' id='line_1_27' title="bbox 0 0 1558 5162; baseline 0 0"><span class='ocrx_word' id='word_1_185' title='bbox 0 0 1558 5162; x_wconf 95' lang='lat' dir='ltr'> </span> 
     </span>
    </p>
   </div>
  </div>
 </body>
</html>
