3108 5162
282 551 343 610 att
552 543 609 602 DE
632 539 806 602 NATURA
827 538 1099 602 MATRIMONII.

723 1025 865 1086 cnPUT
891 1023 931 1085 ΙΙ.

629 1240 668 1280 nr:
688 1239 811 1282 annunt
831 1238 1023 1280 manethonis.

661 1400 688 1476 ς.
702 1399 726 1460 Ι.
767 1398 816 1458 Du
829 1415 991 1458 consensu.

321 1575 372 1632 28.
394 1570 622 1639 Matrimonium,
637 1577 780 1642 tamquam
797 1577 968 1636 contractus,
979 1575 1023 1624 est
1038 1563 1159 1624 duomm
1182 1577 1311 1643 pactum
1333 1581 1386 1640 quo

283 1671 338 1730 sibi
351 1671 474 1729 invicem
489 1668 602 1727 madunt
620 1676 759 1746 perpetuo
778 1675 947 1746 potestatam
959 1666 990 1724 in
1003 1683 1055 1722 sua
1075 1682 1199 1743 corpora
1214 1667 1248 1724 in
1271 1683 1384 1743 genera-

283 1771 368 1829 tionis
382 1777 494 1828 actum:
516 1765 662 1826 vinculum
672 1784 721 1824 seu
736 1775 825 1825 status
839 1764 1012 1826 matrimonii
1026 1773 1070 1822 est
1084 1765 1204 1823 “maris
1216 1774 1249 1824 et
1260 1764 1383 1823 soeminoe

283 1869 447 1948 conjunctio
455 1864 629 1925 individuam
637 1866 701 1924 vitm
711 1864 947 1924 cousuetudinem
955 1854 1130 1922 retinens.”¹
1156 1865 1380 1923 Sacramentum

283 1967 458 2028 matrimonii
471 1973 516 2024 est
527 1965 590 2042 ipse
609 1972 769 2024 contractus
782 1965 857 2023 inter
876 1963 1035 2041 baptizatos
1048 1962 1146 2020 initus.
1193 1965 1327 2041 Signum
1341 1967 1381 2018 est

283 2066 492 2144 conjunctionis
517 2063 626 2123 Christi
648 2081 713 2122 cum
739 2061 883 2130 Ecclesia,
907 2062 1091 2138 gratiamque,
1117 2079 1173 2135 qua
1193 2063 1298 2121 anima
1319 2059 1379 2118 Deo

283 2164 475 2241 conjungitur,
490 2172 583 2239 auget,
598 2161 789 2237 specialiaque
802 2161 963 2238 impertitur
982 2160 1100 2227 auxilia,
1115 2160 1223 2234 quibus
1238 2169 1338 2220 sancte
1350 2174 1380 2215 se

282 2271 381 2340 gerant
393 2261 542 2338 conjuges.
584 2258 776 2338 Legitimum
789 2259 891 2320 dicitur
901 2259 1122 2328 matrimonium,
1134 2261 1375 2333 quandocumque

282 2363 330 2421 lex
341 2359 408 2430 Dei,
418 2360 464 2420 vel
474 2358 615 2420 Ecclesia
626 2378 684 2420 non
693 2361 786 2418 obstat
794 2366 954 2420 contractus
965 2358 1072 2416 valoti:
1088 2360 1130 2417 sic
1141 2361 1190 2432 qui
1200 2360 1375 2438 baptismum

282 2479 339 2521 non
351 2470 548 2539 susceperunt,
562 2459 660 2534 quales
673 2469 739 2518 sunt
750 2441 790 2517 eri
802 2457 980 2519 Amicorum
993 2475 1044 2515 seu
1063 2455 1276 2528 Qcakcrcmm
1291 2463 1373 2520 secta,

281 2560 443 2639 legitimum
457 2561 530 2618 inter
543 2577 574 2617 se
587 2557 679 2618 sedus
692 2559 818 2635 conjugii
831 2559 937 2617 ineunt.
978 2554 1093 2615 Rarum
1105 2559 1320 2619 matrimonium
1334 2560 1376 2612 cst

282 2658 356 2717 iuter
372 2658 537 2734 baptizatos,
550 2656 631 2716 nullo
643 2656 724 2715 obice
744 2656 868 2732 objecto,
882 2655 966 2731 quale
987 2654 1213 2726 Catholicomm,
1228 2655 1371 2718 ueletiam

281 2756 487 2821 hereticorum,
514 2755 595 2812 nullo
620 2753 826 2829 impedimento
855 2755 1054 2824 laborantium,
1081 2755 1192 2827 dicitur,
1219 2769 1371 2830 antequam

281 2853 418 2929 conjuges
431 2851 561 2908 coierint.
618 2849 870 2912 Consummatum
890 2852 992 2912 dicitur
1010 2863 1077 2932 post
1096 2856 1239 2932 copulam.
1289 2856 1368 2932 ipsos

280 2949 477 3010 contrahentes
487 2967 552 3008 esse
565 2952 736 3032 sacramenti
749 2951 835 3030 hujus
847 2953 992 3013 ministros
1006 2954 1074 3012 alias
1088 2951 1238 3016 docuimus
1249 2951 1275 3026 ς’
1290 2956 1369 3033 juxta

280 3051 450 3112 sententiam
467 3068 649 3110 communem
670 3070 757 3125 quam
780 3052 812 3110 S.
841 3053 1009 3130 Alphonsus
1032 3047 1160 3129 prohat.³
1205 3049 1366 3115 Sacerdotis

281 3153 470 3213 ministerium
484 3148 520 3209 ad
538 3151 747 3210 solemnitatem
767 3153 907 3228 pertinet:
927 3150 1036 3233 formu
1050 3151 1116 3211 veri
1137 3169 1203 3212 sunt
1215 3156 1312 3223 verba,
1326 3147 1368 3207 vel

280 3261 377 3318 nutus,
391 3250 437 3310 vel
450 3251 506 3310 alia
525 3268 683 3309 consensus
703 3251 819 3310 indicia.
861 3249 995 3310 Materia
1014 3261 1122 3311 remota
1142 3253 1204 3330 ipsa
1224 3265 1292 3313 sunt
1311 3266 1367 3310 cor-

280 3369 360 3428 pora,
375 3369 439 3423 quar
452 3350 482 3407 in
495 3367 580 3408 usum
590 3350 718 3430 conjugii
731 3351 886 3410 traduntur.
928 3350 1065 3409 Proxima
1077 3359 1120 3414 est
1131 3352 1244 3412 traditio
1252 3355 1328 3432 Juris
1341 3349 1367 3406 iu
1467 3337 1473 3352 '
1511 3338 1512 3351 ¹

280 3468 323 3519 ca,
339 3468 402 3524 quar
416 3449 448 3506 iit
460 3448 527 3508 dum
541 3468 700 3510 cousensus
714 3450 891 3528 exprimitur.

319 3554 369 3606 29.
392 3547 600 3606 Contrahentes
622 3549 834 3608 matrimonium
854 3549 960 3607 debent
977 3566 1041 3607 csse
1062 3550 1091 3607 in
1111 3551 1210 3627 gratia,
1225 3569 1313 3624 quum
1332 3547 1366 3606 sit

279 3652 488 3702 sacramentum
500 3644 640 3714 vivomm,
651 3656 680 3704 et
692 3645 756 3706 ideo
767 3647 876 3724 peccati
890 3647 1018 3705 mortalis
1031 3648 1072 3705 rei
1085 3658 1153 3707 sunt
1166 3649 1235 3709 illud
1250 3651 1363 3726 indigne

279 3738 481 3817 suscipiendo:
504 3745 636 3814 quamvis
656 3754 781 3802 autema
800 3745 945 3822 plerisque
966 3745 1121 3805 habeantur
1141 3749 1264 3809 ministri
1278 3765 1364 3807 sacra·

279 3841 378 3909 menti,
389 3839 512 3913 ideoque
526 3857 643 3918 peccare
653 3841 781 3900 dicantur
790 3843 907 3920 indigne
918 3844 1105 3905 ministrando
1116 3859 1331 3915 sacramentum,
1340 3853 1365 3902 et

279 3942 407 4023 indigno,
422 3939 604 4020 probabiliter
612 3950 785 4000 excusantur
795 3963 811 4000 a
823 3961 898 4001 novo
911 3952 999 4013 reatu,
1008 3946 1057 4018 qui
1066 3948 1210 4024 precipue
1223 3944 1365 4022 adstringit

280 4044 439 4103 ministrum
454 4041 615 4120 specialiter
628 4041 664 4101 ad
677 4040 705 4101 id
719 4043 845 4102 muneris
859 4052 1066 4102 consecratum.
1095 4045 1267 4106 Procurator
1276 4047 1364 4104 alieno

280 4145 397 4204 nomine
417 4143 599 4210 contrahens,
620 4143 670 4216 qui
690 4152 808 4221 peccato
834 4142 997 4216 inquinatus
1017 4151 1190 4203 contractum
1210 4145 1273 4213 init,
1293 4140 1365 4204 haud

414 4310 457 4376 (l)
478 4309 539 4372 Gap.
551 4307 584 4359 xi.
596 4308 626 4357 de
635 4319 773 4374 presumpt.

415 4395 458 4458 (2)
477 4391 565 4441 Theol.
576 4391 665 4452 Dogm.
675 4399 744 4443 tract.
757 4393 807 4443 xvi.
819 4392 858 4443 De
869 4391 1034 4452 Matrimonia,
1043 4409 1063 4442 c.
1075 4392 1109 4443 iii.
1121 4395 1168 4444 rol.
1181 4395 1213 4444 iv.
1298 4413 1304 4422 ·

413 4477 457 4541 (a)
476 4473 506 4524 1..
517 4475 654 4525 vinoso.
