3108 5162
478 531 536 591 DE
557 531 736 592 OFFlGllS
757 533 1005 594 CONJUGUM.
1224 541 1283 594 ³15

193 705 342 768 nequeata
355 698 503 774 proposito
512 700 611 767 averti,
622 701 730 773 absque
741 701 872 777 gravibus
883 699 1009 759 dissidiis
1019 709 1048 758 et
1058 702 1200 778 peccatis:
1216 709 1283 760 tunc

194 797 273 855 enim
286 795 406 854 reddens
420 806 512 856 actum
525 817 576 874 per
589 817 620 857 se
634 800 786 858 honestum
799 799 874 869 lacit,
884 801 933 873 qui
943 801 1023 858 alteri
1037 800 1179 876 suaculpa
1188 811 1281 859 nocet.

196 894 230 952 Si
244 905 342 971 petens
351 895 416 973 jure
429 897 543 973 petendi
557 899 682 973 privatus
697 901 733 957 sit
740 900 769 956 in
780 918 904 974 poenam,
919 918 954 956 v:
970 919 1005 976 g:
1021 901 1162 967 incestus;
1177 901 1283 977 conjux

132 976 135 980 ’
194 1011 252 1052 non
275 1003 385 1052 tenetur
396 995 523 1064 reddere,
538 1015 626 1069 quum
644 999 693 1074 jus
717 1017 780 1057 eam
795 998 920 1067 eximat3
942 999 994 1057 sed
1019 1007 1123 1075 potest,
1144 1018 1210 1057 nam
1232 1017 1284 1058 suo

190 1091 256 1168 jure
278 1093 394 1170 petendi
407 1096 517 1171 privata
540 1115 597 1155 non
611 1106 664 1164 est,
676 1097 796 1171 ideoque
816 1097 933 1156 reddere
957 1107 1061 1175 potest,
1075 1117 1164 1171 quum
1184 1098 1284 1184 petitio

197 1191 284 1252 nimis
299 1193 580 1269 gravissitseminae.
695 1270 697 1274 .

234 1294 284 1348 95.
307 1292 340 1350 st
364 1300 443 1348 actus
469 1294 506 1350 sit
527 1293 673 1351 venialiter
694 1289 848 1364 malus-S.
868 1295 1034 1372 Alpbonsus
1056 1295 1097 1352 sic
1120 1295 1284 1372 distinguit:

198 1397 217 1424 ‘⁶
228 1399 307 1447 actus
321 1397 365 1447 est
379 1388 490 1449 illicitus
501 1410 537 1449 ex
551 1400 628 1468 parte
643 1394 775 1470 petentis,
784 1403 851 1470 puta
863 1395 889 1452 si
903 1403 979 1471 petat
992 1395 1028 1452 ob
1041 1395 1226 1471 voluptatem,
1241 1395 1287 1452 vel

196 1487 284 1547 alium
298 1488 385 1548 finem
400 1488 498 1548 leviter
511 1491 630 1558 malum,
644 1492 690 1549 vel
702 1491 747 1550 die
762 1512 819 1566 quo
833 1494 893 1551 vult
913 1493 1124 1552 Eucharistiam
1145 1495 1286 1571 accipere,

198 1599 267 1645 tunc
280 1597 390 1646 tenetur
403 1587 538 1657 reddere;
553 1591 629 1663 quia,
643 1610 708 1649 cum
723 1602 801 1649 actus
810 1593 847 1650 sit
859 1611 911 1669 per
923 1611 954 1650 se
968 1593 1114 1660 honestus,
1129 1602 1238 1651 tenetur
1251 1612 1288 1651 ex

194 1686 306 1763 justitia
320 1687 354 1744 ad
368 1687 554 1756 reddendum,
570 1690 680 1747 etiamsi
700 1691 819 1766 exigens
842 1700 942 1769 peccet
963 1691 1086 1770 graviter
1105 1693 1134 1750 in
1154 1692 1287 1768 petendo,

199 1795 230 1841 ut
243 1785 368 1843 diximus
383 1805 412 1844 n.
427 1791 496 1845 944.
518 1787 594 1845 Dub.
613 1793 639 1845 l.
681 1790 714 1847 si
728 1789 794 1848 verb
809 1800 885 1848 actus
900 1799 945 1848 est
959 1790 1105 1849 venialiter
1125 1791 1239 1850 illicitus
1253 1809 1290 1848 ex

198 1895 279 1960 parte
305 1885 395 1961 ipsius
421 1897 508 1954 actus,
524 1905 575 1944 seu
602 1887 722 1963 copulae,
744 1899 775 1947 ut
800 1890 825 1946 si
846 1898 956 1966 petatur
982 1891 1036 1947 situ
1062 1890 1223 1957 innaturali,
1245 1890 1291 1947 vel

198 1993 325 2059 tempore
352 1987 500 2054 menstrui,
522 1995 571 2044 aut
590 1988 748 2063 puerperii,
769 1999 835 2046 tunc
860 1988 974 2062 qnando
994 1988 1075 2046 adest
1089 1989 1169 2066 justa
1193 2006 1289 2056 causa,

198 2090 293 2159 potest
307 2083 423 2156 quidem
437 2084 566 2152 reddere,
581 2104 646 2143 cum
660 2087 793 2158 quaelibet
810 2088 889 2164 justa
902 2107 987 2145 cansa
1008 2097 1127 2146 excuset
1139 2107 1156 2144 a
1174 2087 1287 2145 veniali.

198 2179 282 2239 Justa
296 2190 388 2242 autem
403 2202 489 2241 causa
502 2186 563 2251 erit,
575 2203 602 2241 v:
618 2205 646 2261 g:
663 2204 698 2242 ne
712 2187 834 2244 incurrat
847 2187 1070 2264 indignationem
1090 2187 1215 2254 alterius,
1229 2187 1291 2244 sive
1385 2190 1389 2198 “

199 2298 346 2338 rancorem
360 2281 437 2339 illius
451 2283 661 2353 quodammodo
675 2285 838 2351 notabilem,
850 2295 878 2343 et
888 2305 945 2343 non
955 2287 1049 2361 possit
1061 2303 1126 2344 eum
1140 2284 1291 2344 commode

200 2387 326 2436 avertere
329 2421 418 2438 .....
445 2381 527 2449 Dixi,
544 2389 643 2458 potest
663 2383 794 2451 reddere,
821 2384 872 2442 sed
898 2403 957 2442 nou
986 2392 1106 2451 tenetur,
1133 2385 1200 2457 quia
1224 2383 1291 2442 licet

200 2478 346 2536 vinculum
359 2480 371 2556 j
376 2479 477 2539 ustitiae
492 2481 592 2539 lortius
603 2483 640 2538 sit
649 2482 763 2540 vinculo
777 2481 932 2550 charitatis,
947 2491 1069 2540 attamen
1083 2501 1148 2543 cum
1163 2491 1241 2560 actus
1254 2483 1293 2541 sit

200 2577 248 2635 tali
263 2577 348 2635 modo
362 2597 414 2655 per
426 2597 457 2638 se
478 2580 604 2648 illicitus,
619 2580 690 2639 alter
702 2600 758 2642 non
773 2582 857 2639 habet
865 2582 914 2658 jus
929 2580 964 2638 ad
977 2577 1108 2640 illum.”¹

240 2679 289 2734 96.
313 2677 346 2734 Si
361 2677 449 2737 homo
463 2690 542 2737 extra
556 2699 606 2737 vas
627 2681 816 2739 seminaturus
837 2675 978 2749 noscatur,
992 2689 1085 2739 utrum
1107 2698 1181 2740 uxor
1201 2680 1292 2757 possit
1389 2700 1394 2708 ¹

200 2793 264 2833 eum
285 2778 420 2853 excipere
435 2779 596 2851 inquiritur.
638 2779 784 2851 Equidem
804 2789 915 2838 constat
927 2799 989 2838 eam
1003 2799 1061 2839 non
1075 2799 1161 2857 posse
1174 2778 1204 2836 id
1224 2797 1291 2838 cou-

200 2874 270 2956 silii,
285 2893 375 2947 quum
390 2875 585 2933 detestandum
599 2878 645 2944 sit,
660 2879 795 2952 probare:
817 2879 867 2936 sed
881 2887 1019 2937 excusant
1038 2899 1101 2938 eam
1116 2879 1211 2955 plures
1225 2897 1292 2936 eum

201 2973 405 3046 excipientem,
420 2975 487 3045 quia
506 2974 610 3051 copula
632 2976 764 3036 inchoata
785 2997 836 3053 per
857 2997 887 3035 se
907 2979 983 3045 licet,
998 2987 1026 3035 et
1048 2976 1124 3052 quod
1144 2978 1293 3034 seminatio

137 3114 143 3120 .
202 3079 282 3128 extra
301 3070 358 3137 fiat,
372 3071 456 3147 culpa
476 3073 569 3131 aliena
590 3076 737 3153 contingit.
780 3076 926 3135 Caeterum
947 3077 1183 3150 quotiescumque
1203 3074 1295 3151 possit

202 3169 336 3246 precibus
350 3180 379 3228 et
392 3173 509 3229 monitis
520 3191 586 3233 eum
601 3173 736 3233 inducere
750 3186 781 3234 ut
794 3179 900 3235 coitum
911 3174 1170 3252 integrumhabeat,
1184 3172 1294 3244 videtur

203 3269 311 3326 teneri:
326 3287 379 3327 nec
392 3269 474 3328 facile
488 3282 641 3331 excusatur
653 3275 678 3331 si
692 3275 754 3350 ipsa
763 3277 869 3348 absque
880 3277 958 3352 gravi
972 3295 1057 3334 causa
1066 3281 1143 3350 petat
1156 3272 1292 3339 debitum,

204 3367 319 3440 quaudo
340 3369 420 3426 novit
442 3389 507 3429 eum
534 3373 573 3428 ita
598 3390 659 3429 rem
681 3373 852 3442 habiturum,
873 3394 938 3432 nam
966 3393 1003 3436 ex
1025 3373 1159 3433 charitate
1186 3381 1295 3428 tenetur

204 3463 344 3544 impedire
358 3479 507 3544 peccatum
524 3470 593 3528 viri:
617 3471 749 3547 “justam
771 3482 865 3531 autem
886 3491 999 3531 causam
1020 3474 1104 3531 habet
1130 3469 1254 3547 petendi,
1270 3471 1295 3527 si

203 3566 267 3643 ipsa
286 3576 363 3625 esset
376 3568 407 3625 iu
421 3569 548 3644 periculo
562 3552 784 3655 incontinentias,
798 3573 845 3630 vel
859 3574 884 3630 si
906 3572 1020 3631 deberet
1038 3571 1110 3630 alibs
1125 3570 1228 3648 privari
1243 3588 1295 3628 suo

198 3665 262 3742 jure
277 3666 393 3743 petendi
407 3667 562 3744 plusquam
576 3669 677 3738 semel,
692 3671 738 3728 vel
759 3672 815 3740 bis,
830 3691 895 3730 cum
917 3683 1055 3748 perpetuo
1069 3670 1202 3748 scrupulo
1218 3689 1253 3728 an
1267 3670 1295 3728 ei

204 3767 242 3822 sit
254 3767 323 3824 satis
334 3786 419 3843 grave
433 3769 662 3836 incommodum,
675 3771 722 3828 vel
736 3789 783 3840 ne,
798 3790 874 3830 nunc
888 3790 919 3828 se
930 3765 1124 3831 continere.''²

246 3866 295 3921 97.
318 3866 388 3923 Non
408 3877 519 3926 tenetur
537 3868 655 3927 reddero
676 3868 801 3928 debitum
814 3872 931 3949 conjugi
945 3873 995 3944 qui
1014 3870 1123 3929 remisit
1137 3870 1295 3945 jussuum,

205 3979 240 4017 v:
263 3981 299 4038 g:
321 3963 477 4023 castitatem
491 3968 622 4027 vovendo
636 3987 673 4027 ex
687 3987 830 4027 consensu
844 3981 952 4028 mutuo.
995 3968 1079 4035 Quod
1091 3967 1115 4022 si
1125 3967 1164 4022 ita
1177 3981 1297 4022 consen-

204 4061 284 4128 serit,
298 4069 330 4118 ut
349 4079 408 4120 non
421 4066 539 4122 cesserit
552 4085 604 4124 suo
620 4067 689 4143 juri,
704 4077 771 4127 tunc
785 4069 922 4126 instanter
935 4069 1042 4143 petenti
1055 4064 1165 4123 videtur
1178 4061 1297 4121 redden·
1369 4092 1373 4102 ·

205 4157 285 4226 dum,
307 4178 395 4233 quum
416 4180 467 4239 per
486 4182 517 4221 se
537 4164 680 4233 debeatur,
701 4176 730 4225 et
749 4167 819 4224 alter
838 4185 890 4225 suo
906 4169 971 4245 jure
991 4184 1049 4224 non
1069 4161 1204 4223 ceciderit
1222 4162 1297 4220 bono

204 4258 357 4318 voluntatis
380 4263 538 4338 proposito.
579 4265 697 4325 rimanti
716 4265 892 4327 reddendum
913 4285 972 4325 non
994 4274 1039 4323 est
1057 4263 1192 4332 debitum,
1207 4279 1297 4336 quum

309 4481 353 4548 (¹)
373 4479 402 4530 1⁴·
415 4475 446 4532 vi·
457 4477 483 4532 1i·
496 4483 553 4534 ⁹4⁰·
922 4461 1188 4555 (unusquam.
