3108 5162
401 563 458 625 DE
480 561 800 624 IMPEDlMENTlS
821 560 1096 623 MATRIMONII.
1237 571 1297 628 329

203 733 229 792 si
243 733 313 791 sciat
326 731 457 811 privatim
476 729 713 807 impedimentum
727 747 791 786 esse
811 729 975 788 notorium:
998 730 1129 802 quamvis
1143 733 1220 792 enim
1233 733 1293 810 ple-

203 850 324 905 rumque
339 830 452 890 nonnisi
467 829 551 905 juxta
564 837 624 887 acta
637 838 665 887 et
677 828 794 906 probata
814 827 966 886 decernere
987 837 1124 905 oporteat,
1139 850 1198 890 non
1211 833 1295 891 debet

204 949 322 1007 operam
342 949 423 989 suam
442 937 575 1005 praestare
595 929 637 986 rei
658 945 743 1001 quarn
764 926 868 985 malam
889 929 978 996 novit,
992 929 1102 987 seilicet
1122 932 1295 990 matrimonii

203 1029 309 1088 nullius
322 1027 515 1087 celebrationi.
536 1031 538 1036 '

245 1133 311 1186 130.
333 1129 432 1194 Quum
452 1126 621 1202 plerumque
641 1124 716 1202 apud
735 1143 788 1182 nos
808 1124 894 1183 nullae
915 1125 983 1182 fiant
1003 1127 1249 1202 proclamationes,
1264 1129 1295 1188 id

201 1227 403 1300 inquirendum
416 1225 549 1292 occurrit,
563 1232 656 1282 utrum
671 1225 792 1298 quisque
807 1233 933 1282 teneatur
945 1223 1094 1293 sacerdoti,
1109 1227 1154 1284 vel
1167 1229 1292 1305 presuli,

202 1324 375 1385 denunciare
389 1323 637 1400 impedimentum,
649 1321 694 1379 rel
701 1323 763 1398 ejus
776 1323 891 1380 lamam.
932 1322 1079 1396 Equidem
1093 1326 1143 1397 qni
1155 1325 1229 1386 certd
1244 1347 1294 1388 no·

204 1425 245 1482 vit
257 1423 505 1501 impedimentum,
517 1422 580 1498 lege
595 1421 738 1478 charitatis
752 1429 862 1479 tenetur
875 1421 910 1480 ad
924 1421 993 1480 illud
1006 1423 1241 1501 patefaciendum,
1257 1446 1293 1486 ne

203 1524 310 1600 nuptia
330 1523 415 1581 irrita
436 1529 617 1588 attententur,
639 1538 704 1578 cum
724 1523 892 1578 sacramenti
913 1521 1026 1597 injuria,
1041 1530 1069 1579 et
1088 1524 1246 1583 innocentis
1266 1535 1294 1584 et

204 1621 292 1700 prolis
305 1621 420 1680 damno.
463 1619 548 1687 Quod
562 1619 587 1677 si
601 1619 803 1698 gravissimum
813 1619 867 1678 sibi
882 1619 1081 1680 detrimentum
1095 1640 1131 1679 ex
1141 1622 1294 1685 denuncia-

205 1722 283 1780 tione
297 1721 457 1787 immineat,
470 1739 530 1778 non
551 1728 660 1777 tenetur
673 1737 738 1777 curn
753 1727 830 1776 tanto
843 1721 889 1778 sui
909 1718 1061 1795 dispendio
1082 1722 1190 1780 malum
1203 1724 1293 1801 impe·

201 1819 273 1878 dire.
315 1820 349 1877 si
362 1820 465 1877 samam
481 1828 589 1877 tantum
609 1816 805 1894 impedimenti
820 1817 928 1875 deferre
943 1827 1037 1892 queat,
1052 1821 1293 1882 considerandum

200 1929 244 1976 est
257 1928 350 1978 utrum
366 1927 466 1976 testem
483 1918 608 1990 aliqnem
623 1916 742 1974 audierit
750 1915 807 1974 tide
821 1916 950 1994 dignum,
962 1918 1008 1975 vel
1021 1929 1115 1978 utrum
1129 1919 1203 1978 lama
1217 1922 1292 1998 apud

199 2018 352 2094 plerosque
379 2017 514 2084 obtineat,
535 2035 593 2090 quo
613 2034 680 2073 casu
698 2014 812 2075 debebit
830 2035 948 2074 monere
961 2007 1122 2094 'presulem
1146 2020 1191 2077 vel
1205 2037 1285 2094 paro·

198 2116 303 2184 chum;
325 2115 376 2174 sed
390 2134 476 2174 nemo
491 2124 601 2174 tenetur
618 2115 740 2172 incertos
754 2133 884 2173 rumores
898 2116 1013 2174 referre.

244 2220 312 2273 131.
335 2215 494 2283 Parochus,
509 2214 554 2272 vel
568 2213 700 2272 sacerdos
714 2214 797 2284 aliua,
811 2214 993 2274 confessione
1009 2214 1158 2274 addiscens
1172 2217 1294 2294 impedi·

203 2323 341 2382 mentum,
365 2313 447 2370 debet
465 2313 585 2372 edocere
609 2312 803 2390 paenitentem,
822 2322 855 2371 ut
874 2322 951 2389 petat
972 2313 1226 2390 dispensationem,
1245 2319 1292 2376 vel

202 2414 341 2473 abstineat
366 2432 382 2469 a
408 2413 525 2490 nuptiis,
552 2412 619 2479 nisi,
642 2413 726 2489 juxta
752 2411 893 2488 principia
918 2411 990 2470 alias
1017 2412 1126 2481 tradita,
1150 2415 1293 2474 silendum

199 2511 330 2581 duxerit3
346 2513 445 2584 nequit
454 2522 549 2572 autem
562 2529 645 2570 suam
658 2510 799 2588 denegare
808 2528 936 2588 operam,
948 2511 973 2568 si
986 2510 1122 2588 deinceps
1133 2523 1292 2573 accersatur

200 2612 314 2688 publice
334 2611 380 2668 rel
401 2612 530 2687 privatim
552 2611 588 2669 ad
608 2610 721 2688 nuptias
742 2609 945 2669 celebrandas.'
976 2609 1061 2676 Quod
1080 2613 1105 2669 si
1123 2631 1160 2671 ex
1177 2613 1292 2672 alteriue

199 2710 418 2771 denunciatione
433 2710 502 2769 illud
516 2710 635 2779 noverit,
651 2717 761 2768 tenetur
774 2728 834 2768 rem
849 2708 884 2767 ad
898 2707 1071 2768 ordinarium
1085 2705 1217 2770 deferre.¹
1259 2714 1291 2772 Si

198 2811 261 2887 ipse
277 2812 356 2870 solus
378 2811 498 2879 noverit,
513 2819 589 2869 certa
602 2818 696 2869 tamen
709 2827 747 2867 ex
760 2809 890 2877 scientia,
905 2807 988 2867 debet
1001 2811 1214 2870 matrimonium
1235 2813 1290 2872 im·

198 2909 308 2986 pedire,
322 2928 381 2967 non
395 2911 472 2967 enirn
492 2909 560 2967 licet
579 2908 690 2967 occulto
704 2909 830 2984 pecatori
848 2909 933 2967 etiam
950 2909 1063 2986 publice
1082 2913 1189 2988 petenti
1209 2931 1290 2972 suam

199 3018 332 3084 prestare
342 3026 469 3083 operam,
481 3007 595 3080 quando
606 3009 668 3084 ipse
679 3008 842 3090 actusforet
851 3007 955 3076 irritus,
968 3028 1035 3067 cnm
1043 3010 1162 3069 aliorum
1173 3012 1288 3071 damno.

202 3106 313 3164 Praesul
346 3106 451 3182 pariter
476 3109 609 3166 conscius
642 3106 839 3184 impedimenti
864 3115 957 3184 potest
981 3116 1010 3164 et
1034 3107 1118 3165 debet
1150 3110 1290 3186 impedire

201 3206 335 3282 nuptias:
358 3207 487 3278 quamvis
502 3207 578 3265 enim
588 3204 716 3284 judicem
730 3225 788 3265 non
798 3214 926 3282 oporteat
938 3206 1105 3284 plerumque
1116 3209 1194 3264 testis
1203 3211 1291 3272 ¹susti·

200 3323 268 3363 nere
295 3315 407 3381 partes;
429 3314 551 3364 attamen
578 3324 666 3379 quum
692 3316 791 3383 agatur
807 3305 843 3364 de
869 3305 944 3364 malo
973 3306 1167 3382 impediendo,
1190 3309 1292 3384 poterit

199 3413 334 3479 utrasque
353 3404 440 3462 veluti
453 3406 481 3462 in
495 3423 527 3463 se
548 3405 719 3482 conjungere
732 3425 740 3473 ;
761 3405 807 3463 vel
821 3406 845 3462 si
860 3424 933 3482 opus
947 3406 993 3472 sit,
1009 3423 1123 3464 causam
1137 3407 1240 3465 referre
1255 3407 1290 3464 ad

200 3505 337 3563 vicarium
351 3506 415 3582 ejus
429 3505 602 3582 generalem,
616 3513 645 3562 et
657 3505 850 3564 testimonium
864 3504 940 3582 apud
953 3523 1018 3563 eum
1033 3504 1187 3582 deponere.

239 3608 307 3663 132.
334 3603 465 3681 Tempus
486 3623 539 3681 per
558 3602 635 3677 quod
655 3603 840 3679 probibentur
860 3605 1023 3681 nuptiarum
1044 3605 1194 3674 solemnia,
1210 3615 1253 3663 est
1272 3627 1288 3664 a
1338 3599 1339 3603 ’

200 3703 353 3763 Dominica
363 3705 457 3782 prima
471 3702 607 3762 adrentus
621 3720 713 3776 usqne
727 3702 762 3761 ad
775 3703 850 3763 diem
865 3703 1025 3781 epiphaniae
1036 3713 1065 3762 et
1078 3705 1148 3764 adie
1162 3707 1288 3766 cinerum

199 3821 290 3876 usque
304 3803 479 3866 adnotatam
495 3803 608 3880 paschae
622 3803 778 3861 inclusive:
800 3804 941 3863 solemnia
953 3813 1046 3862 autem
1060 3813 1124 3863 runt
1145 3806 1288 3882 “nuptias

199 3901 376 3970 benedicere,
388 3923 524 3978 sponsam
539 3902 694 3970 traducere,
705 3902 840 3981 nuptialia
853 3903 994 3962 celebrare
1008 3905 1148 3962 convivia.
1190 3905 1289 3962 Matri·

201 4000 330 4057 monium
344 4011 436 4059 autem
451 4003 671 4079 omnitempore
686 4002 815 4060 contrahi
825 3995 968 4079 potest.'’²
1009 4002 1182 4078 Nuptiarum
1203 4002 1289 4060 bene·

200 4097 297 4164 dictio,
318 4117 381 4170 quae
408 4100 440 4156 fit
465 4101 496 4157 in
522 4101 624 4168 Missa,
652 4102 810 4178 praesertim
836 4101 1001 4178 prohibetur
1027 4110 1155 4176 tempore
1178 4101 1239 4169 illo,
1261 4111 1289 4159 et

200 4195 315 4271 quidem
330 4199 383 4256 sub
404 4199 482 4278 gravi
496 4208 630 4274 peccato:
652 4200 753 4277 sponsi
767 4209 860 4258 autern
881 4198 1019 4257 traductio
1032 4199 1126 4256 minus
1140 4199 1287 4268 solemnis,

198 4305 226 4353 et
243 4296 375 4362 convivia
392 4316 547 4373 paucorum
571 4297 717 4364 moderata
733 4317 791 4358 non
810 4298 1004 4382 prohibentur,
1025 4299 1101 4358 sicut
1122 4318 1176 4358 nec
1196 4302 1289 4364 matri·

271 4511 314 4580 (l)
334 4509 663 4580 caplimdtelcndderp.
713 4593 782 4656 29*
849 4511 1223 4583 (t)1tiertom.cesm.dtat,
