3144 5192
252 513 312 568 aas
510 505 567 566 ns
589 504 773 566 nonnas
794 502 1083 564 consessuram
1123 463 1125 470 ’

253 671 435 749 simplicitate
455 673 606 731 constituta
625 671 764 730 solicitata
776 670 870 739 luerit,
891 671 1040 739 tenebitur,
1055 679 1205 747 postquam
1220 689 1342 748 compos

252 771 326 830 sacta
339 771 433 840 suerit,
448 770 483 829 ad
497 765 766 830 denuntiationem.l
808 770 840 828 Si
854 769 956 828 mulier
967 770 1030 846 ipsa
1042 771 1134 846 prima
1147 770 1341 839 solicitaverit,

253 868 463 930 denuntiandus
477 879 571 930 tamen
585 871 638 929 erit
650 869 842 928 confessarius
862 869 1054 937 consentiens,
1075 867 1175 926 saltem
1198 870 1223 926 si
1246 870 1343 927 solici-

254 971 322 1028 tatio
335 969 422 1028 suerit
434 981 542 1038 mutua,
556 978 653 1045 utpote
666 970 691 1028 si
705 967 895 1027 confessarius
915 966 949 1024 ad
972 967 1057 1026 aliam
1077 969 1203 1043 speciem
1218 968 1343 1044 impudi-

255 1069 329 1127 citiae
342 1087 405 1128 eam
420 1068 616 1127 solicitaverit:
632 1067 681 1124 sed
693 1067 724 1124 S.
736 1067 903 1142 alphonsus
917 1076 1015 1124 censet
1024 1065 1270 1124 denunciationem
1284 1085 1344 1125 non
1439 1089 1440 1094 ¹

255 1184 320 1225 esse
346 1165 515 1232 faciendam,
541 1167 566 1224 si
592 1166 782 1224 confessarius
804 1184 863 1224 non
888 1165 1081 1233 solicitaverit,
1098 1165 1165 1222 licet
1189 1165 1342 1224 solicitanti

255 1266 441 1325 consenserit.
465 1259 477 1292 ²

293 1366 363 1420 244.
385 1361 516 1438 Cogeudi
530 1381 588 1422 non
602 1375 668 1421 sunt
680 1362 847 1421 confessarii
861 1362 1033 1419 solicitantes
1051 1360 1086 1418 ad
1099 1379 1131 1418 se
1144 1362 1222 1438 ipsos
1236 1361 1343 1419 denun-

255 1459 366 1520 tiandos
375 1457 398 1517 :³
411 1471 521 1520 constat
534 1472 627 1520 tamen
649 1471 668 1498 ‘⁴
679 1463 827 1520 mulierem
843 1461 1009 1519 solicitatam
1024 1461 1112 1517 teneri
1126 1459 1161 1516 ad
1174 1459 1344 1518 denuncian-

255 1557 333 1626 dum,
348 1560 432 1618 etiam
447 1562 472 1618 si
483 1561 568 1619 sciret
577 1571 679 1636 sponte
688 1562 876 1621 solicitantem
890 1560 1084 1636 comparuisse
1097 1555 1144 1615 :'’⁴
1157 1577 1209 1616 nec
1223 1559 1344 1634 premit·

256 1657 340 1716 tenda
350 1668 394 1716 est
407 1655 554 1717 monitio.⁵
573 1660 681 1718 Mulier
694 1661 818 1732 nequita
832 1658 989 1716 solicitante
999 1658 1111 1716 liberari
1121 1656 1340 1715 denuntiationis

254 1751 366 1816 onere.⁶

294 1860 366 1915 246.
396 1855 583 1914 Denuntiatio
603 1855 735 1913 facienda
759 1863 804 1912 est
828 1873 908 1922 voce,
935 1855 1094 1928 mulierque
1116 1854 1224 1912 idcirco
1247 1873 1341 1912 coram

255 1955 400 2014 ordinario
414 1955 514 2013 sistere
535 1973 566 2012 se
586 1954 670 2011 debet
690 1953 929 2029 interrogandam.
972 1954 1057 2020 “Qui
1071 1972 1122 2029 per
1135 1952 1284 2028 epistolam
1298 1950 1344 2009 de·

255 2055 400 2118 nunciant,
427 2053 484 2111 nisi
509 2053 690 2110 subscribant
720 2054 868 2129 proprium
899 2070 1004 2110 nomen
1030 2061 1059 2110 et
1083 2070 1255 2128 cognomen,
1285 2069 1343 2109 non

255 2150 444 2217 satisfaciunt,
458 2169 491 2208 ac
505 2161 571 2208 sunt
584 2150 718 2226 deinceps
734 2151 768 2207 ab
784 2151 953 2222 inquisitore
967 2151 1098 2219 vocandi,
1119 2162 1151 2208 ut
1164 2152 1265 2208 iterum
1273 2150 1343 2226 juri·

255 2248 318 2306 dice
332 2247 508 2325 deponant.”
552 2248 596 2307 lta
609 2251 644 2308 P.
660 2249 813 2325 Philippus
830 2249 865 2307 de
880 2247 1081 2306 Carboncano.
1121 2247 1285 2321 Aliquando
1297 2247 1344 2306 dat

256 2348 418 2420 inquisitor,
439 2349 484 2406 vel
509 2347 676 2416 ordinarius,
697 2348 732 2406 de
753 2349 941 2407 solicitatione
960 2349 1021 2424 jam
1035 2349 1169 2415 monitus,
1184 2346 1343 2404 facultatem

256 2447 442 2516 confessario,
469 2447 515 2506 vel
542 2448 630 2516 alteri,
652 2447 816 2524 excipiendi
836 2449 866 2505 in
886 2446 999 2521 scriptis
1016 2449 1180 2523 juramento
1201 2445 1340 2503 firmatam

256 2541 540 2604 denunciationem?
560 2565 622 2618 quae
644 2554 724 2603 extra
743 2545 863 2603 tribunal
885 2545 931 2602 vel
944 2545 1045 2603 saltem
1059 2554 1125 2622 post
1138 2544 1343 2602 absolutionem

256 2643 429 2719 excipienda
442 2652 494 2700 est.
537 2642 673 2701 Decrevit
686 2643 718 2698 S.
734 2641 927 2719 congregatio
941 2643 1041 2701 Sancti
1054 2643 1152 2702 Officii
1162 2649 1200 2702 22
1214 2642 1344 2700 ianuarii

259 2745 348 2807 1727,
364 2739 530 2798 “mulieres
544 2741 697 2796 solicitatas
711 2757 769 2797 non
783 2741 871 2798 tenni
884 2741 920 2797 ad
933 2741 1192 2809 denunciationem,
1207 2742 1232 2798 si
1246 2741 1342 2799 minis-

256 2838 292 2894 tri
304 2837 497 2909 inquisitionis
512 2847 539 2894 et
551 2837 649 2902 vicarii
659 2837 788 2914 episcopi
802 2839 831 2895 in
844 2839 1007 2915 longinquis
1020 2841 1184 2917 regionibns
1197 2841 1341 2916 degentes,

257 2935 320 2994 sine
347 2936 424 3014 gravi
451 2937 634 2996 incommodo
654 2937 724 2995 adiri
750 2939 925 3010 nequeant.”
973 2941 1093 2998 Absolvi
1120 2940 1205 3017 igitur
1226 2947 1345 3014 possunt

257 3036 391 3094 mulieres
416 3054 478 3108 quae
501 3038 537 3095 ob
559 3037 668 3097 itineris
687 3038 896 3114 longitudinem
916 3049 1062 3110 nequeunt
1074 3039 1151 3097 adire
1165 3039 1343 3115 episcopum,

258 3137 304 3195 vel
328 3137 390 3213 ejus
412 3137 560 3204 vicarium,
584 3137 635 3195 sed
655 3145 783 3195 cessante
803 3135 1018 3213 impedimento,
1045 3157 1080 3195 v:
1104 3157 1139 3214 g:
1161 3139 1192 3195 in
1214 3137 1343 3212 episcopi

256 3237 428 3301 visitatione,
457 3244 586 3292 tenentur
611 3234 788 3304 denuntiare,
816 3245 901 3312 prout
922 3236 957 3294 de
984 3237 1149 3295 mulieribus
1169 3237 1344 3312 inpartibus

257 3334 516 3400 schismaticorum,
530 3333 737 3402 hereticorum,
753 3344 781 3392 et
794 3335 1071 3394 Mahumedanorum
1087 3335 1266 3411 degentibus,
1281 3353 1342 3407 quae

257 3434 450 3510 periculorum
472 3441 547 3490 ructu
568 3444 740 3493 excusantur
753 3434 914 3507 aliquando,
935 3433 1084 3512 respondit
1105 3433 1202 3493 eadem
1218 3435 1250 3492 S.
1266 3432 1344 3493 Con·

257 3533 383 3607 gregatio
397 3531 443 3588 die
461 3535 498 3588 21
514 3531 584 3589 Feb.
602 3536 688 3591 1630.
731 3533 802 3599 Quae
822 3536 923 3605 nequit
945 3553 1015 3592 voce
1036 3534 1209 3602 denuntiare,
1234 3542 1344 3590 tenetur

257 3647 307 3704 per
320 3628 483 3714 epistolam,
508 3637 555 3684 aut
574 3630 787 3699 internuntium,
807 3640 947 3702 qnatenus
968 3633 1073 3705 absque
1093 3633 1207 3709 propria
1229 3631 1344 3690 infamia

256 3726 318 3785 fieri
339 3726 440 3801 possit,
463 3742 528 3781 nam
550 3726 712 3803 “obligatio
732 3728 917 3789 denuntiandi
938 3732 1137 3800 solicitantem,
1158 3749 1217 3789 non
1231 3739 1287 3788 tam
1301 3737 1344 3787 est

257 3823 381 3885 adcundi
393 3823 579 3900 personaliter
592 3827 779 3902 superiorem,
792 3847 888 3904 ,quam
910 3830 1057 3888 deserendi
1067 3873 1069 3878 .
1079 3831 1139 3888 sive
1159 3828 1303 3888 indicandi
1316 3828 1344 3885 ei

256 3927 470 4001 delinquentem
496 3919 540 4003 (ut
564 3924 688 3998 loquitur
710 3912 883 3986 Benedictus
906 3930 990 3988 XIV.
1018 3931 1048 3988 in
1073 3948 1125 3987 sua
1150 3923 1259 4005 Bulla)
1280 3945 1342 4000 qnae

358 4095 400 4160 (l)
420 4092 481 4142 Dec.
492 4091 519 4138 S.
532 4091 603 4140 Offic.
615 4095 653 4142 ll.
664 4092 725 4159 Maji
739 4097 812 4145 1707.
915 4097 958 4162 (2)
978 4094 1004 4146 S.
1016 4095 1091 4158 Alph.
1102 4095 1118 4144 l.
1130 4095 1161 4145 vi.
1171 4110 1196 4142 n.
1208 4096 1265 4143 681.

359 4181 402 4244 (a)
421 4175 686 4228 postumatum.
916 4181 958 4246 (4)
978 4179 1037 4229 Dae.
1049 4182 1081 4228 aa
1093 4178 1154 4230 suut
1168 4182 1240 4229 mus.

356 4263 399 4327 (a)
419 4261 478 4310 neo.
490 4263 505 4308 a
517 4259 577 4310 tulii
592 4263 663 4310 reso.

358 4348 401 4410 (6)
421 4346 493 4410 Prop.
504 4346 529 4396 ii.
539 4346 622 4398 damn.
634 4348 663 4396 ab
675 4345 747 4397 Alex.
758 4346 814 4397 VII.
826 4347 864 4398 die
876 4348 909 4398 24
920 4346 987 4414 Sept.
1003 4349 1075 4398 1666.

357 4431 400 4494 (7)
420 4427 491 4480 Decr.
502 4429 593 4494 Inquis.
605 4434 638 4480 27
651 4431 717 4496 Sept.
729 4433 800 4480 1624.
