3108 5162
276 551 335 606 310
552 544 609 604 ΒΕ
631 543 811 604 oremus
832 541 1080 605 OONJUGUM.

314 714 364 772 70.
386 711 419 769 Si
443 712 486 770 vir
501 713 563 789 jam
581 711 773 779 seminaverit,
790 711 894 770 semina
914 709 1082 770 retrahendo
1102 727 1133 768 se
1159 729 1179 768 a
1208 707 1389 767 seminando

276 812 420 887 plerisque
429 809 539 869 videtur
548 829 667 888 peccare
674 809 824 879 lethaliter,
833 811 900 882 quia
904 810 988 887 juxta
998 811 1093 886 plures
1103 818 1277 881 utrumque
1289 825 1390 865 semen

276 908 311 967 ad
331 911 544 986 generationem
563 911 730 984 requiritur:
758 919 787 969 et
807 911 938 982 quamvis
958 910 1118 967 verosimile
1132 911 1175 966 sit
1198 925 1317 966 semen
1339 906 1389 964 viri

278 1009 422 1077 sufficere,
434 1019 526 1068 tamen
540 1029 597 1069 non
610 1011 852 1085 licetopinionem
864 1009 947 1082 sequi
955 1008 1129 1085 probabilem
1141 1008 1181 1066 de
1192 1008 1243 1065 rei
1260 1008 1390 1071 veritate,

276 1127 343 1168 cum
357 1108 485 1186 periculo
496 1109 592 1168 damni
606 1109 699 1167 alieni.
743 1118 762 1144 ‘⁶
774 1107 852 1166 Hinc
862 1126 954 1180 neque
969 1109 1092 1184 practice
1105 1107 1270 1184 probabile
1280 1115 1354 1183 puto
1363 1101 1390 1160 id

276 1209 354 1281 quod
368 1209 465 1268 dicunt
478 1207 609 1268 Sanchez
624 1217 653 1264 et
666 1208 772 1285 Sporer
786 1249 794 1265 .
810 1249 818 1264 .
836 1249 843 1265 .
857 1208 990 1266 nimirum
1003 1225 1089 1283 posse
1101 1208 1266 1265 mulierem
1278 1207 1311 1264 in
1326 1211 1387 1260 actu

275 1309 366 1368 coitus
381 1307 506 1364 animum
518 1306 553 1364 ad
567 1307 621 1364 alia
633 1305 781 1372 divertere,
791 1325 827 1364 ne
841 1307 996 1365 concitetur
1009 1307 1044 1364 ad
1058 1299 1349 1364 seminationem.”¹

314 1409 364 1464 71.
387 1404 451 1468 Vir,
471 1406 556 1482 juxta
575 1405 683 1483 plores,
703 1416 855 1482 postquam
874 1407 1037 1473 seminavit,
1057 1415 1167 1463 tenetur
1190 1420 1342 1470 uxorem,
1364 1401 1388 1456 si

276 1505 338 1582 ipsa
351 1521 409 1562 non
429 1506 621 1574 seminaverit,
636 1517 796 1582 expectare,
810 1515 842 1562 nt
862 1513 939 1562 actus
953 1505 1107 1582 generandi
1120 1506 1156 1562 sit
1169 1506 1316 1580 integer:
1339 1500 1385 1558 alii

274 1614 380 1679 negant
392 1621 458 1661 eum
473 1606 581 1662 teneri:
605 1613 624 1640 “
636 1605 795 1664 concedunt
805 1613 899 1662 tamen
911 1603 938 1661 ei
948 1622 1031 1680 posse
1046 1605 1218 1662 continuare
1230 1600 1384 1678 copulam,

273 1720 364 1775 usque
379 1699 447 1758 durn
461 1705 583 1762 seminet
597 1705 712 1772 femina,
727 1704 863 1778 quiahoc
877 1704 1000 1781 pertinet
1013 1703 1048 1761 ad
1062 1704 1323 1780 complementum
1338 1716 1382 1756 co·

275 1803 349 1878 polae
363 1797 513 1860 uxoris.''²

314 1907 364 1962 72.
387 1901 419 1958 Si
435 1903 477 1960 vir
490 1921 521 1962 se
535 1901 658 1961 retrabat
670 1916 736 1978 post
755 1903 974 1961 seminationem
995 1920 1087 1969 suam,
1102 1901 1237 1960 sedante
1253 1898 1380 1957 semina·

275 2003 383 2060 tionem
404 2003 513 2070 uxoris,
528 2003 631 2078 poterit
650 2002 722 2068 haec,
732 2003 817 2079 juxta
837 2001 1002 2078 plerosque,
1016 2002 1136 2059 tactibus
1149 2020 1181 2058 se
1194 2000 1333 2058 excitare
1347 1993 1380 2052 ad

275 2101 487 2168 seminandum,
509 2102 575 2173 quia
595 2101 741 2172 utriusque
762 2101 914 2159 seminatio
934 2101 1057 2177 pertinet
1076 2099 1112 2157 ad
1129 2099 1260 2158 eundem
1283 2107 1376 2155 aetum

274 2198 411 2274 conjugii.
454 2198 594 2256 “Omnes
609 2208 702 2258 autem
717 2199 878 2258 concedunt
890 2201 1041 2266 uxoribus,
1056 2219 1119 2273 quae
1133 2199 1298 2278 frigidioris
1314 2202 1377 2252 sunt

269 2305 385 2364 nature,
400 2315 487 2373 posse
501 2298 622 2356 tactibus
637 2317 668 2357 se
683 2299 807 2358 excitare
821 2309 884 2358 ante
898 2299 1084 2376 copulamur
1095 2301 1241 2358 seminent
1256 2300 1287 2357 in
1302 2312 1368 2354 con·

274 2415 375 2473 gressu
391 2396 511 2457 maritali
525 2399 619 2456 statim
633 2393 812 2458 habendo.'’³

314 2501 364 2559 73.
385 2497 490 2556 Pecoat
503 2499 660 2557 mortaliter
673 2500 716 2556 vir
728 2499 861 2576 copulam
881 2497 1043 2558 inchoando
1057 2500 1087 2556 in
1101 2517 1167 2556 vase
1180 2505 1370 2574 praepostero,

274 2607 306 2654 ut
319 2607 418 2673 postea
431 2598 461 2656 in
475 2617 542 2655 vase
555 2597 652 2656 debito
665 2615 727 2654 eam
742 2605 932 2656 consummet.
975 2597 1018 2654 Ita
1037 2597 1217 2656 communius
1232 2606 1264 2654 et
1277 2593 1371 2653 verius

275 2697 400 2752 sentiunt
414 2695 549 2772 theologi.
592 2695 707 2753 “Ratio
721 2696 788 2767 quia
801 2697 864 2772 ipse
885 2695 1052 2772 hujusmodi
1072 2696 1163 2754 coitus
1179 2695 1245 2776 (etsi
1261 2695 1369 2766 absque

274 2790 476 2872 seminatione)
491 2803 533 2850 est
546 2811 612 2850 vera
625 2793 767 2862 sodomia,
782 2797 911 2868 quamvis
924 2813 983 2853 non
997 2805 1202 2865 consummata,
1216 2797 1294 2854 sicut
1307 2795 1369 2868 ipsa

274 2890 376 2966 copula
390 2890 420 2947 in
433 2908 500 2947 vase
514 2890 634 2949 naturali
648 2890 774 2949 mulieris
796 2892 895 2952 aliene
912 2901 956 2950 est
975 2912 1042 2951 vera
1055 2893 1214 2962 fornicatio,
1227 2893 1299 2952 licet
1311 2905 1367 2948 non

273 2988 347 3048 adsit
366 2988 551 3049 seminatio.”
594 2990 697 3049 Virilia
717 2991 868 3067 perfricare
883 2994 958 3052 circa
972 3012 1022 3050 vas
1042 3003 1250 3069 praeposterum
1265 2989 1365 3052 uxoris

273 3099 317 3148 est
336 3090 420 3149 etiam
441 3091 574 3151 mortale!
597 3093 699 3150 “ratio
720 3100 763 3148 est
786 3093 853 3164 quia
876 3092 974 3150 saltem
999 3092 1063 3151 talis
1083 3101 1172 3150 tactus
1191 3113 1250 3152 non
1273 3095 1365 3171 potest

275 3191 420 3250 moraliter
433 3193 495 3250 fieri
508 3193 571 3250 sine
585 3191 686 3249 affectu
700 3187 918 3251 sodomitico.”⁵

313 3296 363 3348 74.
386 3291 455 3349 Non
475 3291 541 3348 licet
561 3290 729 3366 plerumque
755 3291 887 3365 copulam
909 3291 1024 3358 habere,
1040 3309 1105 3348 cum
1119 3292 1183 3348 vitae
1206 3291 1253 3350 vel
1274 3286 1361 3350 morbi

274 3389 412 3464 gravioris
423 3390 561 3466 periculo,
576 3390 639 3458 sibi,
655 3391 700 3447 vel
722 3389 849 3467 conjugi.
892 3388 1035 3462 Equidem
1051 3389 1165 3463 quando
1178 3389 1219 3448 de·
1234 3386 1361 3467 conjugis

274 3489 401 3562 periculo
414 3490 515 3565 agitur,
530 3489 555 3546 si
567 3491 662 3564 gravis
676 3490 712 3547 sit
725 3508 810 3547 causa
823 3488 939 3566 petendi
951 3488 1047 3556 debiti,
1062 3489 1219 3566 periculum
1233 3487 1361 3547 manifes-

274 3585 390 3642 tandum
413 3596 458 3644 eet
483 3607 518 3646 ne
540 3589 647 3665 conjux
664 3589 767 3646 invitus
784 3583 919 3647 damnum
939 3587 1068 3664 patiatur.
1115 3589 1149 3646 Si
1175 3590 1239 3662 quis
1260 3586 1359 3646 morbo

273 3699 396 3738 venereo
412 3684 530 3749 laboret,
544 3683 628 3743 debet
650 3687 790 3743 abstinere
804 3706 820 3743 a
841 3687 957 3763 copula,
972 3687 1017 3744 rel
1039 3706 1159 3746 uxorem
1183 3705 1310 3754 monere,
1324 3701 1357 3744 ne

272 3778 375 3857 injuria
389 3781 416 3838 ei
429 3780 478 3838 fiat
491 3781 596 3839 invitae.
631 3784 665 3841 Si
675 3793 767 3842 autern
779 3785 934 3859 periculum
949 3795 1089 3844 remotum
1103 3788 1149 3856 sit,
1163 3786 1240 3860 qnod
1255 3786 1360 3844 scilicet

272 3881 303 3940 in
317 3891 398 3958 partu
416 3880 598 3959 periclitetur,
613 3882 659 3939 vel
680 3880 757 3956 quod
778 3881 909 3942 valetudo
925 3885 985 3961 jam
1003 3885 1117 3944 infirma
1135 3886 1274 3961 frequenti
1295 3903 1358 3944 coo·

273 4000 373 4059 gressu
388 3983 543 4060 frangenda
556 3999 673 4059 prorsus
687 3984 733 4050 sit,
748 3982 858 4042 videtur
870 3984 967 4052 licere,
982 3985 1117 4058 quiahoc
1131 3986 1218 4044 veluti
1227 3984 1358 4063 conjugio

272 4082 402 4152 inhaeret,
417 4095 446 4143 et
459 4102 544 4162 grave
557 4082 631 4142 soret
644 4105 660 4142 a
673 4082 774 4160 copula
787 4094 926 4163 perpetuo
939 4085 1088 4144 abstinere.
1109 4084 1237 4163 (lonjugi
1250 4101 1355 4154 morem

273 4182 344 4257 gerit
363 4201 437 4244 uxor
456 4186 564 4259 absqne
584 4185 724 4262 culpant
745 4203 810 4245 eum
831 4205 848 4243 a
866 4184 1071 4244 consuetudine
1090 4203 1176 4262 prava
1198 4195 1312 4252 avertat,
1330 4191 1357 4241 et

406 4405 448 4469 (¹)
467 4402 648 4456 brim-⁹18·
987 4408 1030 4475 (a)
1049 4407 1149 4458 niam

411 4489 453 4554 (³)
472 4485 675 4550 liddon-⁹1⁹.
988 4493 1031 4559 (4)
1050 4491 1149 4552 mrem,
1164 4493 1259 4542 nare.
