3172 5172
269 565 308 621 86
453 560 511 621 DE
532 559 830 622 SUSCEPTIONE
852 560 1168 624 EUCHARISTIAE.

267 729 355 786 missa
377 729 574 787 sacramentali
592 728 773 788 confessione
794 727 830 786 ad
855 747 962 787 sacram
983 730 1192 788 Eucharistiam
1220 727 1354 787 accedere

267 826 377 895 debeat,
391 827 467 900 quod
481 847 498 885 a
510 827 670 887 christianis
684 829 827 895 omnibus,
842 829 927 886 etiam
938 829 972 886 ab
985 810 1020 885 iis
1034 828 1239 897 sacerdotibus,
1251 827 1354 900 quibus
1448 903 1451 906 ι
1556 896 1562 908 ⁸

267 945 304 984 ex
317 924 412 984 officio
425 927 585 985 incubuerit
596 927 746 995 celebrare,
762 927 823 984 haec
837 939 933 984 sancta
946 925 1075 1002 synodus
1088 936 1226 1004 perpetuo
1241 943 1355 984 servan·

267 1025 335 1084 dum
349 1043 413 1084 esse
428 1021 562 1094 deore'vit,
577 1025 663 1085 modo
678 1045 736 1084 non
749 1024 823 1083 desit
836 1025 892 1084 illis
906 1026 989 1102 eopia
1002 1023 1205 1084 confessoris:
1228 1023 1305 1097 quod
1319 1024 1355 1090 si,

267 1125 434 1182 necessitate
448 1132 577 1202 urgente,
591 1123 723 1184 sacerdos
734 1124 839 1196 absque
849 1125 955 1200 praevia
967 1113 1148 1183 consessione
1159 1123 1352 1187 celebraverit,

268 1224 478 1299 quamprimum
492 1217 705 1282 confiteatur.”l
745 1222 825 1281 Idem
845 1222 967 1281 declarat
985 1232 1014 1281 et
1033 1223 1160 1282 decernit
1179 1239 1287 1280 canone
1303 1239 1353 1278 un·

267 1321 388 1389 decime,
403 1322 548 1379 inculcans
561 1331 735 1398 praeceptum
749 1321 946 1398 apostolicum,
961 1339 1012 1379 seu
1025 1323 1119 1398 potius
1132 1321 1272 1381 divinum.
1294 1317 1354 1377 Co·

266 1421 312 1496 pia
330 1420 503 1479 confessoris
524 1421 623 1480 deesse
644 1429 783 1488 censetur,
803 1420 918 1494 quando
938 1422 1002 1494 quis
1024 1422 1132 1495 absque
1152 1421 1231 1497 gravi
1245 1421 1352 1478 incom-

265 1517 353 1578 modo
373 1520 418 1578 vel
438 1519 553 1589 damno,
573 1518 651 1591 quod
671 1529 765 1578 amen
785 1519 959 1579 confessioni
979 1537 1037 1578 non
1057 1519 1201 1587 inhaereat,
1225 1517 1353 1577 confiteri

265 1619 374 1690 nequit.
416 1616 526 1676 Deasse
539 1636 654 1692 quoque
667 1621 752 1695 copia
765 1619 938 1678 confessoris
951 1618 1070 1687 videtur,
1085 1619 1110 1676 si
1123 1636 1181 1676 non
1195 1615 1268 1676 adsit
1281 1615 1353 1673 alius

265 1726 368 1792 prater
386 1717 565 1793 episcopum,
587 1717 635 1789 qui
655 1717 727 1776 nolit
746 1735 813 1776 enm
834 1717 1017 1776 confitentem
1038 1717 1189 1793 excipere:
1212 1717 1261 1775 vix
1275 1716 1353 1773 enim

266 1815 383 1892 expedit
404 1817 556 1892 praesulem
579 1817 624 1874 sui
644 1813 758 1883 subditi,
780 1834 865 1889 quem
887 1817 982 1875 forsan
997 1815 1127 1894 judicare
1141 1814 1252 1882 debeat,
1267 1830 1353 1874 nosse

266 1931 303 1972 ex
315 1900 495 1973 confessione
510 1916 598 1974 animi
611 1915 815 1972 infirmitatem.
858 1914 891 1973 Si
914 1913 987 1972 adsit
1006 1913 1140 1972 sacerdos
1160 1931 1274 1989 pravus,
1295 1929 1354 1970 non

242 2011 376 2070 -videtur
395 2013 493 2072 haberi
514 2014 597 2091 copia
619 2012 810 2072 confessoris:
832 2030 899 2070 nam
919 2013 945 2069 ei
968 2013 1098 2098 confiteri
1112 2013 1281 2088 plerumque
1294 2028 1352 2068 non

265 2101 383 2186 oportet.
426 2111 576 2196 Ceterum!
589 2130 662 2189 opus
675 2130 734 2170 non
747 2121 791 2170 est
803 2120 835 2170 ut
847 2111 1037 2173 confessarius
1058 2119 1222 2177 consuetus,
1237 2109 1283 2168 vel
1296 2127 1355 2186 poe·

264 2209 365 2268 nitenti
378 2213 484 2287 gratior
497 2211 580 2270 adsit.

305 2312 354 2367 46.
376 2309 492 2386 Urgens
506 2311 659 2370 necessitas
677 2311 706 2370 in
729 2329 785 2383 qua
797 2311 865 2378 licet
886 2311 992 2384 absque
1005 2298 1186 2370 confessione
1200 2309 1351 2374 celebrare,

264 2424 298 2464 ea
311 2417 442 2467 censetur
462 2409 575 2482 quando
597 2408 721 2468 dandum
742 2419 787 2467 est
808 2411 943 2469 viaticum
962 2409 1141 2478 moribundo,
1163 2427 1216 2466 nec
1229 2407 1355 2485 suppetit

263 2506 359 2566 hostia
374 2509 435 2586 jam
455 2518 636 2567 consecrata:
658 2509 705 2566 vel
726 2507 841 2582 quando
861 2508 1012 2567 celebratio
1036 2510 1136 2568 Missae
1150 2509 1249 2580 nequit
1261 2505 1353 2566 omitti

264 2607 369 2678 absque
383 2609 462 2684 gravi
471 2607 613 2674 seandalo,
625 2606 669 2664 vel
679 2606 813 2664 infamia:
833 2606 880 2665 vel
890 2606 1003 2678 quando
1014 2607 1137 2682 populus
1151 2605 1206 2662 sibi
1219 2605 1353 2662 commis·

263 2721 312 2758 sus
319 2706 424 2761 carebit
432 2706 640 2780 opportunitate
649 2703 787 2780 implendi
799 2705 942 2780 praecepti,
952 2704 1007 2762 nisi
1018 2703 1159 2781 parochus
1167 2703 1299 2760 celebret·
1310 2701 1356 2757 vel

263 2800 377 2872 quando
385 2811 451 2878 post
464 2802 707 2860 consecrationem
718 2803 848 2861 meminit
858 2804 991 2862 sacerdos
1001 2802 1109 2879 peccati
1118 2799 1254 2861 mortalis.
1291 2799 1352 2855 “Si

263 2909 326 2957 ante
337 2901 580 2982 consecrationem
593 2899 757 2959 recordetur
770 2900 903 2960 sacerdos
924 2920 955 2960 se
968 2919 1031 2959 esse
1052 2903 1081 2962 in
1102 2910 1218 2978 peceato
1231 2898 1351 2984 mortali,
1403 2941 1404 2946 η

263 3007 350 3056 autse
363 3017 427 3056 esse
436 3000 726 3066 excommunicatum,
736 3001 781 3059 vel
792 3019 974 3076 suspensum,
985 3001 1032 3059 vel
1042 3002 1136 3060 locum
1149 3017 1212 3058 esse
1223 2996 1353 3057 interdic·

264 3105 333 3166 turn,
348 3099 373 3156 si
386 3117 444 3158 non
459 3101 573 3158 timetur
587 3099 764 3167 scandalum,
785 3099 868 3158 debet
881 3100 1004 3159 Missam
1019 3102 1171 3178 incaeptam
1186 3094 1349 3156 deserere.”

263 3196 306 3256 Ita
328 3200 514 3274 prascribunt
536 3199 668 3257 Rubricae
689 3199 828 3266 Missalis.
871 3199 1045 3273 Plerumque
1068 3199 1097 3257 id
1119 3200 1226 3272 absque
1249 3213 1352 3271 magna

262 3296 361 3371 populi
374 3298 510 3355 adstantis
524 3296 709 3356 admiratione
722 3298 784 3356 fieri
798 3298 915 3370 nequit:
937 3296 989 3356 sed
1009 3299 1034 3356 si
1047 3298 1141 3356 Missa
1153 3296 1290 3356 solemnis
1305 3296 1351 3360 sit,

262 3401 290 3451 et
307 3406 411 3471 praesto
425 3397 462 3454 sit
475 3395 665 3456 confessarius
688 3397 801 3471 aliquis,
825 3396 909 3455 debet
930 3417 996 3456 eum
1017 3415 1172 3465 accersere,
1195 3406 1223 3453 et
1242 3394 1352 3452 conses-

262 3494 371 3553 sionem
392 3513 537 3572 peragere,
557 3512 591 3552 ea
605 3505 698 3554 tamen
717 3497 825 3553 ratione
850 3496 1067 3566 quaadstantes
1090 3494 1166 3553 haud
1188 3492 1350 3550 advertant:

262 3591 377 3662 quodsi
391 3592 419 3649 id
432 3593 495 3650 fieri
508 3601 639 3664 nequeat,
654 3593 737 3650 debet
749 3593 849 3650 saltem
861 3594 957 3651 animo
970 3595 1089 3650 conteri.
1111 3590 1256 3664 Equidem
1271 3607 1351 3646 num·

261 3707 348 3759 quarn
360 3689 428 3746 licet
440 3690 594 3757 celebrare,
610 3691 667 3748 nisi
681 3689 776 3748 animo
790 3689 904 3748 dolente
922 3692 958 3749 ob
973 3701 1131 3766 peceatum,
1153 3699 1182 3747 et
1203 3689 1350 3764 proposito

261 3787 367 3846 emisso
381 3787 451 3846 illud
465 3788 495 3845 in
509 3797 656 3865 posterum
669 3786 786 3855 eimedi,
800 3797 829 3846 et
843 3788 1018 3866 diligentiam
1033 3789 1137 3847 idcirco
1150 3789 1180 3847 iu
1194 3789 1352 3846 occasioni·

260 3891 313 3946 bus
327 3886 460 3946 tollendis
474 3886 643 3945 adhibendi:
665 3906 730 3947 nam
746 3889 878 3946 sanctitas
900 3889 1068 3947 sacramenti
1089 3889 1180 3966 exigit
1192 3898 1224 3945 ut
1237 3889 1349 3946 animus

260 4006 348 4066 purus
362 3987 398 4044 sit
410 3987 586 4051 contritionis
601 3987 640 4054 vi,
663 3987 698 4045 ad
720 3996 804 4060 quam
829 3996 886 4046 toto
899 3988 963 4045 nisu
978 3988 1130 4046 voluntatis
1144 3996 1275 4065 peccator
1289 3999 1349 4046 teu·

260 4087 327 4146 dere
341 4087 434 4146 debet,
476 4087 534 4154 Qui
546 4086 583 4146 ob
597 4086 760 4160 frequentes
779 4086 876 4163 lapsus
897 4086 932 4145 de
955 4087 1082 4167 efficacia
1105 4087 1211 4146 doloris
1232 4085 1348 4150 dubitat,

260 4187 343 4259 debet
355 4187 523 4264 plerumque
537 4205 554 4244 a
567 4186 737 4245 celebrando
751 4203 782 4244 se
796 4186 946 4254 abstinere,
969 4197 1000 4246 et
1018 4189 1176 4246 animarum
1190 4204 1256 4244 cura
1269 4184 1348 4242 dere·

261 4286 338 4354 licta,
354 4286 437 4343 saluti
451 4305 508 4345 suae
523 4287 698 4364 prospicere.
719 4285 871 4354 Sacerdos,
886 4305 981 4344 curam
993 4287 1150 4346 animarum
1163 4303 1219 4343 nen
1234 4301 1347 4360 gerens,

528 4489 540 4552 (
544 4491 571 4554 1>
590 4488 655 4538 Sese.
665 4488 717 4538 xiii.
728 4503 780 4552 cap.
791 4487 832 4537 vii.
843 4487 872 4539 de
883 4487 947 4540 reali
953 4489 1098 4557 praesentia.
