3124 5168
248 544 285 599 12
550 539 607 600 DE
629 539 814 600 DOTIBUS
833 536 1040 600 MINISTRI.

681 1042 823 1108 CAPUT
846 1043 902 1108 111.
937 1036 941 1044 ’

610 1263 650 1304 DE
673 1263 799 1305 nonnus
819 1261 968 1305 HINISTRI.

245 1423 248 1434 '
285 1423 336 1483 20.
365 1422 467 1482 Frons
490 1421 613 1482 ministri
636 1443 695 1484 non
711 1425 825 1499 'requiri
848 1433 880 1484 ut
902 1424 994 1483 valeat
1019 1422 1190 1500 baptismus,
1215 1431 1335 1492 constat,

244 1539 332 1597 quum
346 1525 480 1584 universa
493 1523 628 1581 Ecclesia
641 1542 759 1582 assensa
772 1526 810 1582 sit
823 1525 856 1582 S.
868 1523 1031 1606 ¹Stephano,
1043 1521 1177 1583 Romano
1188 1522 1333 1591 Pontifici,

243 1631 369 1682 veterem
390 1621 624 1682 cousuetudinem
646 1633 744 1682 contm
767 1623 799 1681 S.
821 1623 1004 1701 Cyprianum
1027 1621 1194 1691 vindicanti,
1216 1631 1247 1680 ut
1268 1623 1335 1699 bap

245 1722 324 1781 tizati
334 1723 368 1780 ab
379 1721 520 1780 haereticis
535 1722 641 1794 absque
656 1740 731 1780 novo
744 1723 888 1799 baptismo
901 1724 1104 1800 reciperentur.
1147 1721 1208 1798 Ipsi
1223 1719 1258 1779 de
1268 1722 1335 1798 bap·

245 1820 331 1880 tismo
351 1839 461 1880 errores
482 1821 643 1897 gravissimi
664 1839 722 1880 non
744 1823 857 1880 obstant
877 1823 940 1900 ejus
959 1821 1067 1890 valori3
1089 1830 1263 1898 quapropter
1279 1820 1335 1880 hoc

243 1936 281 1977 ex
302 1921 395 1996 capite
417 1919 628 1998 impugnandus
653 1939 711 1978 non
733 1928 777 1978 est
798 1921 956 1998 baptismus
978 1921 1013 1978 ab
1035 1919 1177 1979 haereticis
1201 1919 1332 1986 collatus,

243 2017 318 2089 quod
334 2019 463 2094 plerique
477 2037 542 2076 eum
557 2020 680 2079 habeant
692 2019 781 2078 veluti
795 2019 904 2078 nudum
918 2020 1004 2079 ritum
1028 2021 1108 2079 omni
1120 2020 1222 2078 virmte
1233 2037 1331 2078 caren-

244 2126 312 2184 tem,
326 2124 433 2175 etcum
446 2118 568 2175 Joannis
583 2120 725 2195 baptismo
740 2118 921 2184 confundant.

283 2218 334 2272 21.
357 2213 528 2274 Certissima
543 2235 576 2274 ac
589 2217 827 2276 communissima
840 2216 1039 2295 theologorum
1054 2219 1192 2278 sententia
1204 2215 1281 2276 idem
1296 2215 1333 2276 de

245 2311 307 2372 aliis
325 2315 510 2373 sacramentis
527 2315 656 2375 affirmat.
698 2315 803 2374 Valida
817 2319 851 2376 ab
865 2319 999 2376 omnibus
1014 2325 1206 2396 agnoscuntur
1220 2335 1283 2390 quae
1298 2316 1333 2374 ab

242 2412 384 2472 Ecclesia
411 2415 548 2473 ministris
575 2415 768 2485 conseruntur,
796 2417 864 2475 licet
889 2417 1039 2494 contigerit
1065 2417 1152 2476 tidem
1179 2416 1333 2476 conserenti

241 2512 351 2572 deesse.
394 2513 499 2572 Valere
513 2513 645 2574 ordinem
671 2526 701 2573 ct
727 2515 974 2574 confirmationem
988 2515 1120 2573 collatam
1134 2516 1169 2572 ab
1194 2516 1332 2591 episcopo

244 2613 377 2680 haeresim
398 2614 491 2687 palam
508 2614 658 2689 profitente
679 2633 779 2673 omnes
801 2620 969 2690 agnoscunt,
985 2609 1140 2670 dummodo
1160 2629 1227 2668 vere
1250 2613 1337 2672 fuerit

244 2710 306 2786 ipse
321 2710 481 2769 charactere
493 2711 650 2789 episcopali
664 2713 826 2790 insignitus,
836 2730 899 2784 quae
913 2709 990 2769 enim
1001 2709 1131 2785 episcopi
1141 2708 1334 2786 episcopales,

243 2809 286 2866 uti
306 2825 337 2866 se
358 2817 531 2886 nuncupant,
546 2810 759 2888 aggrediuntur,
774 2811 803 2868 vi
824 2810 904 2870 omni
924 2809 1029 2892 carent,
1045 2809 1208 2885 quumipsi
1223 2809 1335 2867 umbra·

244 2908 322 2966 tilem
338 2909 529 2967 auctoritatem
543 2905 689 2968 habeant.1
722 2909 864 2969 Sacerdos
877 2909 1027 2968 haereticus
1040 2907 1254 2967 Eucharistiarn
1268 2927 1334 2966 con·

243 3007 327 3066 ficere
351 3016 380 3066 et
402 3009 567 3068 unctionem
589 3019 744 3070 extremam
769 3011 895 3088 praebere
918 3009 1010 3067 valet:
1039 3009 1098 3067 imo
1117 3008 1201 3084 juxta
1220 3007 1331 3080 aliquos

212 3137 217 3145 ·
243 3108 438 3184 poenitentiam
452 3109 482 3168 in
496 3111 596 3169 mortis
614 3108 798 3178 discriminet
820 3109 948 3181 alioquin
962 3107 1105 3165 absolvere
1120 3107 1228 3179 nequit,
1244 3124 1331 3180 quum

244 3209 338 3266 omnis
348 3207 511 3284 jurisdictio
526 3211 554 3267 ei
567 3209 676 3266 sublata
694 3211 741 3265 sit.
785 3205 1002 3265 Matrimonium
1017 3205 1090 3263 inter
1103 3205 1253 3264 haereticos
1267 3205 1333 3263 iniri

243 3305 327 3372 valet,
343 3313 386 3362 est
406 3307 483 3364 enim
504 3315 663 3366 contractus
683 3309 784 3374 instar,
799 3307 850 3379 qui
868 3313 964 3364 tamen
981 3306 1056 3364 inter
1069 3305 1228 3384 baptizatos
1243 3323 1332 3364 sacra·

243 3403 333 3462 menti
347 3403 430 3463 habet
443 3407 512 3464 vim.
1015 3388 1017 3392 ⁵

283 3508 333 3561 22.
357 3505 513 3564 “Ministri
533 3505 708 3573 Ecclesiae,”
732 3506 774 3564 uti
794 3505 902 3580 optime
922 3503 1121 3562 animadvertit
1140 3503 1172 3562 S.
1188 3502 1330 3572 Thomas,

245 3603 526 3659 “instrumentaliter
545 3612 698 3678 operantur
716 3603 746 3660 in
768 3601 963 3671 sacramentis,
979 3601 1105 3675 eoquod
1120 3601 1333 3675 quodammodo

242 3698 343 3757 eadem
363 3700 434 3757 ratio
454 3709 498 3758 est
517 3701 641 3759 ministri
661 3709 690 3758 et
705 3701 907 3759 instrumenti.
924 3741 932 3758 .
949 3743 956 3759 .
971 3701 1190 3760 instrumentum
1205 3720 1263 3760 non
1276 3702 1333 3778 agit

242 3797 399 3857 secundum
416 3800 559 3877 propriam
579 3800 700 3860 formam
723 3808 771 3858 aut
789 3801 933 3868 virtutem,
947 3801 998 3858 sed
1018 3801 1177 3860 seeundum
1199 3802 1330 3860 virtutem

241 3899 303 3977 ejus
319 3917 405 3971 aquo
424 3907 562 3958 movetur.
605 3899 646 3957 Et
664 3899 730 3960 ideo
751 3899 853 3958 accidit
873 3901 1060 3958 instrumento
1080 3901 1110 3958 in
1130 3910 1266 3974 quantum
1287 3909 1332 3958 est

242 4001 474 4078 instrumentum,
490 3999 727 4073 qualemcumque
741 4000 871 4064 sormam.
887 4000 933 4057 vel
951 4001 1082 4058 virtutem
1095 4000 1208 4069 habeat,
1229 4011 1332 4076 praeter

241 4098 270 4158 id
284 4100 360 4173 quod
374 4100 498 4178 exigitur
510 4098 546 4158 ad
560 4100 698 4158 rationem
718 4099 908 4167 instrumenti,
923 4099 998 4157 sicut
1014 4098 1091 4170 quod
1105 4118 1208 4176 corpus
1224 4099 1329 4159 medici

241 4197 331 4277 (quod
357 4210 402 4258 est
427 4203 647 4260 instrumentum
675 4201 776 4258 animae
803 4199 932 4257 habentis
960 4194 1061 4277 artem)
1090 4200 1126 4258 sit
1153 4218 1255 4258 sanum
1282 4200 1330 4258 vel

280 4417 322 4482 (1)
341 4416 401 4466 Non
412 4418 464 4469 hoc
479 4388 582 4472 dicimus
593 4421 675 4471 arrimo
685 4421 777 4484 iniquo,
794 4418 836 4468 sed
854 4418 959 4468 veritatis
976 4419 1063 4469 studio.
1095 4418 1202 4481 Legatur
1221 4434 1283 4484 opus
1299 4419 1329 4469 ds

243 4501 432 4551 ordinationibus
443 4504 587 4564 Anglicanis
597 4523 613 4554 a
623 4507 693 4555 hatra
704 4522 758 4554 meo
770 4504 950 4570 Philadelpho,
962 4521 1027 4555 anno
1042 4506 1113 4564 1841,
1125 4504 1197 4556 edito.
