3172 5172
249 545 305 602 1⁶8
554 549 556 554 '
594 538 651 600 DE
673 536 983 599 OONFESSIONE.

243 709 364 767 remissa
376 716 452 775 sunt,
466 705 568 764 iterum
583 705 769 783 subjiciantur
782 703 919 772 clavibus,
928 703 1073 762 sufficitse
1086 723 1188 766 eorum
1202 708 1332 767 incusare

243 808 410 884 generatim,
431 824 489 864 uno
511 805 558 862 vel
577 802 663 862 altero
683 802 817 862 indicato.
859 804 928 862 Vim
947 803 1070 862 clavium
1084 805 1171 864 etiam
1186 806 1215 865 in
1230 808 1265 865 iis
1279 806 1335 864 sol·

243 905 342 965 vendis
356 905 483 965 exerceri
497 901 621 962 ostendit
634 902 666 960 S.
681 903 830 961 Thomas:
853 911 872 938 “
881 902 980 961 dieunt
992 903 1050 972 alii,
1065 904 1149 963 etiam
1165 906 1194 963 iu
1208 905 1335 964 secunda

243 1005 421 1064 absolutione
445 1003 553 1078 aliquid
575 1002 604 1060 vi
626 1002 747 1062 clavium
772 1001 874 1060 dimitti
897 1001 932 1060 de
953 1021 1055 1078 poena:
1078 1004 1145 1076 quia
1164 1005 1194 1063 in
1207 1004 1335 1063 secunda

242 1105 420 1164 absolutione
432 1103 527 1182 gratim
541 1102 684 1160 confertur
697 1094 932 1179 augmentum.”l

282 1207 330 1262 60.
352 1201 533 1264 Moribundis
548 1201 620 1260 solet
632 1219 709 1277 saepe
720 1200 780 1263 dari
793 1200 944 1269 absolutio,
955 1200 1067 1258 etiamsi
1075 1202 1137 1278 jam
1151 1220 1209 1262 non
1223 1201 1335 1262 valeant

241 1321 345 1362 sensus
364 1321 430 1361 snos
444 1301 636 1369 manifestare,
652 1300 697 1358 vel
714 1300 811 1358 iterato
825 1299 951 1359 confiteri
964 1307 1095 1376 peccata:
1117 1300 1168 1358 sed
1182 1301 1218 1360 ob
1239 1301 1335 1378 prlora

240 1402 412 1479 penitentia
426 1400 532 1460 indicia
546 1408 702 1458 censentur
721 1399 794 1458 velle
810 1398 937 1458 confiteri
952 1407 979 1458 et
999 1400 1112 1458 reniam
1132 1409 1243 1478 petere:
1266 1418 1334 1474 qua-

240 1509 355 1578 propter
375 1520 410 1560 nc
426 1502 522 1560 forsan
543 1499 612 1574 quid
625 1500 709 1558 etiam
724 1500 785 1558 leve
799 1497 962 1557 admiserint
974 1508 1039 1575 post
1051 1499 1258 1570 absolutionem
1271 1499 1333 1577 jam

240 1599 343 1671 damni,
358 1601 387 1660 in
402 1609 529 1659 extremo
543 1599 708 1658 discrimine
721 1599 822 1657 iterum
837 1599 1031 1658 absolvuntur.

436 1884 461 1962 §.
486 1883 575 1944 VIII.
617 1882 665 1941 Du
687 1901 893 1942 rnnscnrrsns
913 1901 1131 1942 consessionis.

278 2112 327 2166 el.
348 2109 498 2186 integritas
511 2109 702 2168 confessionis
715 2105 883 2168 materialis
898 2108 1033 2167 ascholae
1046 2106 1207 2166 doctoribus
1222 2106 1327 2168 dicitur

238 2207 322 2282 plena
335 2217 516 2284 peccatorum
530 2209 642 2278 relatio,
655 2225 775 2266 numero
783 2216 811 2266 et
820 2207 1042 2268 circumstantiis
1052 2207 1220 2266 necessariIs
1232 2225 1332 2266 recen·

240 2307 315 2366 sitis.
356 2305 509 2366 Formolis
530 2317 647 2368 vocatur
671 2309 828 2386 integritas,
850 2306 963 2382 quando
975 2308 1008 2366 fit
1027 2303 1168 2366 confessio
1190 2315 1329 2380 quatenus

236 2405 299 2466 fieri
311 2409 441 2483 possitet
450 2407 561 2477 debeat,
575 2409 705 2482 quamvis
714 2409 819 2482 aliqua,
830 2427 867 2466 ex
880 2408 1034 2477 oblivione,
1049 2406 1095 2466 vel
1108 2406 1180 2468 alite
1191 2425 1229 2464 ex
1245 2425 1331 2466 cause

233 2507 321 2583 justa,
335 2508 510 2568 omittantur.
553 2507 718 2568 Concilium
738 2507 940 2567 Tridentinum
954 2505 1037 2567 docet
1054 2525 1151 2566 omnia
1164 2505 1329 2566 declaranda

239 2613 258 2640 “
268 2625 390 2678 quorum
402 2609 538 2665 memoria
548 2626 613 2665 cum
624 2606 718 2666 debita
727 2614 757 2666 et
766 2605 895 2684 diligenti
906 2605 1148 2683 premeditatione
1158 2604 1324 2664 habeatur.’'

236 2702 383 2776 Equidem
404 2723 489 2762 nemo
506 2712 599 2781 potest
611 2703 720 2781 culpari
733 2704 811 2778 quod
831 2705 993 2765 confitendo
1014 2705 1141 2764 omiserit
1153 2723 1186 2764 ea
1206 2723 1327 2778 qnorum

236 2803 404 2861 memoriam
415 2801 675 2872 nullamhebuerit;
692 2804 810 2877 velquae
818 2805 1024 2863 conscientiam
1034 2805 1193 2864 nullatenus
1204 2821 1329 2862 momor-

238 2899 329 2958 derInt
341 2890 379 2958 ex
392 2900 664 2960 erroreinvincibili.
685 2903 769 2972 Aliae,
779 2912 881 2980 prater
890 2890 1076 2973 obliuionem,
1085 2923 1178 2964 eausae
1191 2913 1329 2962 excusant

235 3000 432 3070 omissionem,
447 3000 689 3075 scilicet,quende
704 3004 918 3080 Impossibilitas
928 3003 1050 3080 physica
1059 3004 1105 3062 vel
1114 3003 1229 3064 moralis
1239 3001 1328 3062 officit

236 3100 329 3177 plens
337 3110 517 3178 peccatorum
531 3103 711 3162 accusationi.
742 3103 818 3162 Muti
827 3123 883 3163 non
897 3103 993 3161 nalem
1004 3103 1141 3180 integram
1155 3103 1326 3179 plenamque

236 3201 449 3260 consessionem
468 3211 650 3278 peccatorum
671 3221 815 3278 peragere,
830 3204 880 3276 qui
900 3211 995 3262 tamen
1017 3202 1126 3260 absolvi
1146 3209 1264 3274 queunt,
1285 3201 1326 3258 in·

235 3299 310 3360 dicio
323 3299 417 3373 aliquo
430 3301 539 3376 peccati
552 3300 671 3360 admissi
684 3301 758 3370 dato,
773 3321 838 3362 curn
852 3301 959 3362 doloris
968 3301 1192 3378 significatione:
1208 3299 1286 3374 quod
1300 3301 1326 3358 si

235 3401 358 3458 scribere
368 3400 489 3477 possint,
500 3400 607 3473 absque
616 3401 851 3461 manifestationis
862 3402 1007 3479 periculos
1023 3401 1151 3461 videntur
1162 3401 1262 3469 teneri,
1275 3401 1325 3473 qui

234 3500 310 3558 enim
319 3500 473 3572 nequitore
481 3499 621 3570 confiteri,
631 3501 723 3568 debet,
732 3519 789 3574 qna
797 3502 905 3560 ratione
913 3501 1000 3571 valet,
1008 3499 1323 3578 suapeccatarevelare.

234 3598 264 3654 N
266 3615 305 3656 on
322 3606 430 3658 tantum
444 3598 474 3656 in
487 3599 586 3657 mortis
599 3600 774 3668 discrimine,
786 3599 837 3658 sed
847 3609 875 3658 ct
887 3610 1005 3676 urgente
1018 3609 1162 3678 praecepto
1182 3597 1320 3676 paschali,

232 3690 1324 3777 muso·deberesoriploadsonfitendumuti,enetpostatioss.tlph0nsus.1

232 3791 400 3854 Moribundi
409 3795 512 3866 quibus
525 3793 605 3854 deest
616 3797 739 3869 loquelae
752 3815 831 3866 usus,
843 3799 888 3856 vel
902 3817 1023 3872 qnorum
1033 3800 1109 3858 vires
1121 3799 1237 3876 penitus
1246 3795 1297 3856 des
1311 3828 1324 3840 ·

231 3904 339 3963 cerunt,
354 3892 592 3972 velquiindigent
601 3895 777 3956 medicorum
786 3916 873 3974 opera
883 3899 1029 3967 continua,
1038 3899 1084 3958 vel
1093 3897 1228 3960 mulieres
1242 3905 1323 3974 partu

232 3996 402 4063 laborantes,
417 3994 521 4068 aliique
535 3995 627 4055 subito
642 3997 672 4055 in
685 3995 860 4066 discrimine,
872 3997 906 4056 ad
917 3999 1032 4076 plenam
1043 3997 1257 4059 consessionem
1266 4015 1323 4056 non

231 4104 370 4174 tenentur.
402 4095 452 4155 Sic
465 4105 493 4153 et
505 4095 609 4154 milites
623 4097 718 4155 statim
730 4096 885 4174 ingressuri
898 4107 1051 4167 certamen,
1066 4106 1095 4156 et
1107 4105 1198 4156 nautae
1211 4096 1325 4174 pericli·

231 4202 330 4264 rantes,
340 4195 520 4254 consessione
534 4196 655 4268 quadam
668 4197 793 4274 generali
806 4197 889 4266 facta,
904 4197 1102 4258 absolvuntur:
1123 4197 1180 4256 nisi
1195 4197 1279 4272 copia
1288 4195 1325 4253 sit

230 4296 364 4370 specialis
384 4295 573 4355 consessionis
594 4297 716 4375 alicujus
731 4296 836 4356 delicti.
878 4297 990 4364 Quibus
1003 4315 1062 4358 non
1076 4307 1121 4356 est
1134 4296 1218 4373 copia
1231 4313 1323 4354 sacer-

267 4513 309 4577 (l)
329 4510 414 4576 Suppl.
426 4512 461 4562 iii.
471 4530 495 4577 p.
509 4530 550 4577 qu.
561 4516 629 4567 xviii.
641 4525 683 4568 art
696 4518 722 4568 ii.
733 4518 771 4568 ad.
782 4521 807 4568 4.
1048 4520 1090 4586 (2)
1109 4516 1139 4568 L.
1149 4516 1180 4568 vi.
1192 4533 1218 4567 n.
1229 4517 1287 4566 479.
