3108 5162
283 503 342 560 880
480 495 537 558 DE
558 491 879 556 IMPEDlMENTlS
900 493 1173 556 MleMONll.

283 659 469 726 conservandi
482 679 593 742 ganan
614 660 651 720 ob
664 679 749 736 quam
763 670 857 720 tamen
872 661 943 737 patri
956 679 1022 720 cum
1040 661 1098 718 filia
1119 662 1196 720 coire
1217 678 1275 719 non
1296 661 1376 728 licet,

282 781 370 838 quum
386 763 485 822 sensui
498 761 598 822 intimo
611 759 767 820 honestatis
781 761 900 819 omnino
914 771 1069 836 repugnem
1083 761 1213 832 quamuis
1227 759 1303 818 filias
1319 761 1380 818 Lot

284 861 350 922 inde
363 860 541 920 excusandas
555 861 733 934 aliquetenus
745 858 873 918 nonnulli
883 867 1025 926 censeant,
1034 858 1111 930 quod
1120 877 1211 936 genus
1221 859 1378 918 hominum

283 961 449 1021 universum
476 959 607 1020 incendio
635 959 755 1036 periisse
780 957 987 1024 existimarent,
1008 958 1123 1016 nonnisi
1149 975 1186 1014 ex
1216 967 1295 1034 patre
1324 976 1380 1016 sno

283 1059 508 1120 restaurandum.

325 1163 392 1218 158.
414 1155 654 1232 Consanmrinitas
665 1155 694 1214 in
705 1156 781 1214 linea
794 1154 958 1222 collaterali,
967 1157 1033 1232 jure
1047 1154 1213 1222 naturane
1226 1155 1377 1230 plerisque

282 1257 401 1324 videtur,
415 1255 522 1314 dirimit
548 1254 759 1314 matrimonium
778 1254 809 1312 in
834 1254 927 1330 primo
947 1251 1047 1330 gradm
1068 1253 1180 1312 seclusa
1200 1254 1378 1312 necessitate

281 1352 458 1433 propagandi
473 1372 565 1430 genus
578 1352 744 1420 humanum,
760 1352 797 1410 ob
809 1371 894 1425 quarn
914 1352 995 1411 licuit
1007 1352 1106 1428 primis
1126 1351 1292 1411 hominibus
1304 1371 1377 1412 cum

282 1453 424 1514 sororibus
438 1454 524 1512 coire.
566 1451 710 1525 Equidem
730 1469 830 1510 omnes
849 1450 982 1510 homines
997 1451 1127 1510 videntur
1146 1469 1232 1510 sensu
1247 1450 1377 1524 quodam

283 1561 312 1612 et
320 1553 455 1612 instinctu
466 1561 570 1612 naturas
584 1553 619 1609 ab
632 1549 796 1627 hujusmodi
804 1549 881 1608 coitu
895 1550 1017 1618 retrahi,
1031 1559 1237 1626 quapropteret
1249 1549 1378 1610 ethnicis

283 1652 392 1711 horrori
405 1651 465 1710 suit
502 1649 537 1710 ln
550 1650 658 1708 ceteris
670 1647 803 1726 gradibus
816 1647 851 1707 ad
866 1658 1097 1723 quatenusque
1111 1645 1276 1716 inclusive,¹
1292 1647 1378 1728 (olim

285 1751 319 1808 ad
338 1741 526 1828 septimum)²
547 1749 595 1825 jus
621 1749 845 1808 ecclesiasticum
870 1748 994 1808 obtinet:
1022 1755 1194 1824 quapropter
1224 1748 1311 1806 etiam
1345 1751 1378 1808 in

284 1849 410 1910 secundo
423 1848 601 1927 dispensatio
616 1845 674 1906 dari
688 1854 791 1923 potest,
805 1855 835 1904 et
846 1847 943 1908 valent
962 1846 1120 1907 infidelium
1142 1846 1322 1906 matrimonia
1344 1849 1377 1905 in

284 1967 320 2006 eo
333 1949 421 2026 gradu
434 1937 607 2008 contracte:³
632 1947 661 2004 in
681 1963 716 2004 eo
738 1953 831 2004 tamen
857 1963 1012 2018 numquam
1038 1945 1197 2023 dispensari
1222 1944 1377 2006 voluerunt

285 2045 448 2106 Tridentini
455 2057 548 2123 patres
557 2044 612 2103 nisi
620 2045 691 2102 inter
699 2061 818 2120 magnos
828 2044 985 2122 principes,
996 2045 1068 2104 etob
1079 2043 1221 2122 publicam
1231 2041 1378 2102 causamn¹

284 2161 370 2216 quam
377 2144 533 2218 discipline
544 2142 722 2200 severitatem
731 2142 895 2218 mitigarunt
903 2143 1058 2204 Pontifices
1069 2145 1226 2204 animarum
1235 2131 1373 2220 periculis

283 2249 488 2302 succurrentes.
508 2241 543 2300 ln
556 2240 685 2300 vetandis
698 2242 888 2301 matrimoniis
909 2243 981 2301 inter
999 2243 1225 2318 consanguineos
1239 2241 1374 2300 Ecclesia

286 2343 394 2402 imitata
414 2349 457 2400 est
477 2341 583 2406 Deum,
603 2341 654 2413 qui
669 2339 805 2399 Israelitis
825 2339 969 2416 prohibuit
997 2342 1109 2417 nuptias
1136 2342 1208 2398 intra
1229 2340 1370 2412 quosdam

285 2440 408 2518 gradosa
423 2439 474 2498 sed
495 2459 532 2499 ne
545 2439 682 2498 videretur
697 2439 760 2515 lege
773 2439 859 2496 veteri
873 2441 972 2507 teneri,
990 2440 1061 2498 alios
1074 2440 1169 2496 statuit
1181 2437 1285 2516 gradus
1299 2439 1374 2497 intra

285 2557 359 2612 quos
385 2539 597 2597 matrimonium
624 2537 752 2596 contrahi
784 2555 841 2596 non
868 2547 973 2613 posset.
1019 2538 1053 2596 In
1076 2538 1218 2614 plerisque
1244 2538 1374 2596 Statibus

286 2637 406 2698 Levitici
427 2636 632 2712 prohibitiones
654 2633 791 2710 adoptata
805 2645 869 2694 suut
883 2638 1005 2712 exlegis
1019 2636 1112 2696 civilis
1126 2637 1288 2697 auctoritate
1303 2633 1328 2702 ;⁵
1341 2639 1373 2695 in

286 2736 348 2794 aliis
368 2735 442 2792 intra
455 2735 586 2790 arctiores
605 2732 709 2790 limites
731 2731 884 2810 prohibitio
898 2734 1024 2795 nubendi
1044 2729 1193 2794 constitit⁶
1233 2735 1371 2794 Rationes

284 2830 458 2908 gravissime
472 2830 660 2906 suffragantur
677 2829 736 2905 juri
751 2849 808 2904 quo
821 2835 926 2910 nuptie
940 2837 1013 2892 inter
1026 2835 1253 2912 consanguineos
1275 2844 1372 2893 vetan-

284 2940 338 2999 tur,
364 2927 473 2986 seilicet
497 2947 533 2988 ne
561 2923 616 3002 ‘qui
642 2929 851 2990 necessitudine
883 2915 1101 3010 conjunguntur,
1127 2933 1209 2992 facile
1241 2943 1369 3010 peccent,

284 3029 457 3092 matrimonii
470 3047 550 3107 spem
572 3029 711 3097 foventes,
726 3040 755 3090 et
768 3039 798 3088 ut
810 3029 893 3090 latius
914 3050 945 3090 se
966 3031 1106 3090 diffundat
1127 3033 1277 3092 hominum
1297 3034 1370 3090 inter

286 3151 317 3192 se
331 3131 443 3202 caritas,
457 3130 519 3188 aliis
531 3129 560 3187 in
574 3128 694 3186 familias
709 3129 834 3187 adscitis.

328 3233 394 3286 154.
416 3227 657 3304 Consanguinitas
679 3226 829 3301 aliquando
854 3225 960 3305 duplex
980 3238 1033 3296 est,
1055 3229 1132 3301 quod
1157 3231 1304 3306 contingit,
1323 3229 1390 3287 vel·

287 3328 363 3401 quod
384 3327 441 3386 duo
461 3327 518 3384 sint
537 3327 656 3402 stipites,
681 3327 724 3384 vel
745 3325 821 3400 quod
841 3327 889 3399 qui
911 3328 944 3384 ab
964 3346 1021 3386 uno
1047 3326 1253 3386 descenderunt
1273 3328 1369 3403 stipite

287 3427 464 3486 matrimonia
478 3427 550 3484 inter
562 3444 593 3482 se
607 3427 807 3486 contraxerint.
839 3425 871 3482 Si
885 3425 941 3484 dno
952 3412 1048 3484 iratres
1063 3446 1127 3486 curn
1139 3427 1246 3486 duabus
1255 3427 1370 3486 feminis

286 3527 358 3580 inter
370 3543 401 3582 se
415 3525 633 3599 consanguineis
641 3526 841 3591 contraxerint,
856 3524 907 3582 filii
919 3544 1017 3584 eorum
1028 3527 1153 3586 secundo
1163 3525 1251 3603 gradu
1261 3527 1331 3583 inter
1339 3543 1371 3582 se

285 3620 502 3692 conjungentur,
517 3629 626 3693 patrum
650 3624 768 3690 ratione,
783 3623 863 3682 tertio
884 3623 949 3682 verb
971 3627 1080 3684 ratione
1100 3634 1232 3694 matrum,
1247 3623 1371 3695 ideoque

283 3714 413 3774 dicentur
432 3731 496 3772 esse
516 3719 721 3792 consanguinei
741 3721 770 3776 in
795 3719 920 3778 secundo
941 3733 970 3780 et
989 3726 1070 3782 tertio
1092 3723 1179 3802 gradu
1205 3743 1242 3782 ex
1262 3722 1372 3782 duobus

284 3815 436 3893 stipitibus.
478 3811 725 3874 consobrinorum
746 3819 928 3879 matrimonio
942 3822 1014 3882 inter
1031 3843 1062 3882 se
1082 3823 1298 3900 conjunctorum
1318 3820 1372 3878 filii

284 3928 350 3978 sunt
369 3915 500 3993 inprime
517 3911 602 3991 gradu
617 3917 831 3994 consanguinei,
846 3927 874 3976 et
892 3919 976 3978 etiarn
997 3923 1027 3981 in
1041 3923 1132 3991 tertio,
1146 3924 1253 3982 ratione
1267 3920 1370 3997 stipitis

384 4096 427 4161 (1)
447 4093 524 4143 Cone.
536 4092 603 4142 Trid.
615 4093 679 4142 Sese.
691 4095 757 4144 xxiv.
768 4111 821 4160 cap.
832 4112 855 4144 v.
867 4095 896 4147 de
907 4096 952 4166 ref.
964 4101 1024 4148 mat.

395 4181 424 4244 2)
444 4177 506 4242 Gap.
517 4177 544 4226 N
545 4194 578 4227 on
590 4177 666 4238 debet,
678 4179 707 4230 de
719 4181 885 4248 corrongos'rt
897 4197 928 4230 en
939 4181 994 4232 Lat.
1005 4182 1037 4232 iv.
1050 4199 1118 4234 conc.

395 4266 424 4328 3)
444 4262 567 4326 Ospsiii.
577 4262 607 4314 dc
618 4263 729 4314 divertio.
789 4287 791 4293 ,
905 4267 948 4333 (l)
968 4266 1046 4316 (lonc.
1055 4267 1123 4317 Trid.
1133 4268 1175 4317 ubi
1186 4283 1266 4332 supra.

385 4349 426 4413 (5)
446 4346 483 4396 lta
493 4347 520 4396 in
532 4347 640 4398 Statibus
651 4349 845 4413 Pennsylvanie,
856 4351 1003 4412 Delswarire,
1015 4351 1175 4402 Neo-derasae.

380 4433 423 4496 (6)
447 4431 507 4480 Vide
518 4431 604 4494 Digest
615 4434 643 4483 of
655 4433 730 4484 Laws
742 4434 770 4484 of
783 4435 937 4501 Mississippi,
948 4443 990 4487 art
1002 4437 1153 4504 Mmringes.
