3108 5162
387 571 444 633 DE
465 567 783 637 lMPEDIMENTlS
804 569 1078 632 MATRIMONII.
1219 575 1278 631 ³45

190 737 329 798 certitudo
342 757 407 797 eum
421 741 548 798 occisum
562 757 635 806 esse,
649 736 716 796 licet
729 739 801 796 inter
809 737 1007 796 defunctorum
1020 738 1156 796 cadavera
1169 757 1276 816 corp-us

192 838 255 914 ejus
269 857 327 895 non
341 838 424 896 luerit
435 838 596 915 specialiter
609 837 746 912 agnitum.
788 837 859 902 Qua
874 835 978 894 indicia
997 838 1094 895 mortis
1115 837 1279 895 derivantur

191 955 230 993 ex
254 935 384 994 diuturna
407 939 543 1004 absentia,
564 946 593 992 et
617 935 740 1002 silenti0,
755 953 792 992 ex
819 936 943 994 moribus
970 937 1019 1008 qui
1043 945 1162 994 mortem
1190 937 1277 993 veluti

192 1036 380 1103 arcessebant,
395 1056 431 1094 ex
453 1035 612 1093 valetudine
633 1034 708 1092 haud
729 1035 796 1090 'satis
812 1033 902 1102 firma,
917 1052 954 1091 ex
974 1035 1073 1093 morbo
1096 1053 1147 1110 per
1168 1044 1279 1111 tempus

191 1132 305 1204 aliquod
325 1135 353 1192 in
373 1137 490 1212 regione
512 1135 539 1191 in
555 1153 611 1206 qna
624 1133 785 1189 versabatur
797 1141 952 1208 grassante,
969 1132 1013 1190 vel
1032 1134 1094 1191 aliis
1114 1133 1280 1210 hujusmodi

190 1249 285 1288 rerum
299 1233 449 1310 adjunctis,
464 1234 631 1310 plerumque
652 1249 708 1289 non
732 1230 799 1288 dant
813 1232 868 1289 nisi
883 1231 1059 1308 probabilem
1077 1234 1279 1308 conjecturam,

191 1348 253 1402 quae
266 1350 323 1388 non
338 1332 480 1389 sufficiunt
492 1341 523 1388 ut
534 1331 617 1388 liceat
628 1329 767 1386 secundas
781 1338 913 1387 attentare
929 1331 1051 1405 nuptias,

234 1431 300 1488 167.
324 1430 381 1496 Qui
395 1431 430 1488 de
444 1431 573 1507 conjugis
595 1437 684 1486 morte
698 1430 800 1486 certior
813 1429 903 1486 sactus
923 1429 996 1486 bona
1015 1428 1071 1484 fide
1086 1429 1168 1486 aliam
1189 1429 1278 1496 duxit,

192 1544 249 1584 non
266 1537 308 1584 est
322 1529 403 1586 facile
414 1548 465 1588 suo
479 1527 665 1586 dimovendus
682 1530 758 1605 jure,
772 1528 824 1585 sed
846 1528 967 1584 “adsui
982 1528 1103 1602 pastoris
1124 1527 1278 1585 consilium

193 1623 380 1702 (conscientia
393 1628 464 1684 levis
477 1639 505 1684 et
519 1627 672 1684 temerariae
688 1625 858 1684 credulitatis
872 1622 1004 1702 explosa)
1019 1626 1093 1682 licite
1112 1636 1207 1700 potest
1219 1644 1279 1682 non
1365 1678 1368 1686 ,

191 1723 285 1780 solum
312 1723 437 1792 reddere,
458 1725 509 1782 sed
527 1725 641 1800 exigere
668 1725 794 1782 debitum
821 1720 1019 1802 conjugale.”l
1063 1724 1096 1780 Si
1122 1742 1167 1780 res
1195 1725 1280 1781 dubia

193 1821 329 1891 videatur,
351 1823 434 1880 debet
457 1823 575 1881 reddere
602 1823 726 1880 debitum
748 1825 864 1897 petenti,
879 1843 913 1880 ne
937 1833 1013 1880 certo
1032 1823 1090 1898 juri
1117 1822 1192 1894 quod
1213 1822 1281 1879 alter

191 1921 321 1995 possidet
334 1921 476 1979 detrahat:
492 1922 541 1978 scd
555 1941 613 1980 non
627 1921 711 1979 debet
724 1923 786 1997 ipse
796 1923 921 1998 exigere,
933 1941 968 1978 ne
983 1922 1186 1978 conscientiam
1196 1921 1281 1978 laedat

191 2018 226 2075 de
241 2021 296 2076 vita
309 2022 411 2096 prioris
425 2022 556 2098 conjugis
571 2019 661 2078 adhuc
674 2020 797 2078 dubiam.

233 2122 299 2176 168.
322 2120 379 2186 Qui
400 2120 502 2177 dubius
516 2119 551 2176 de
572 2128 660 2176 morte
680 2119 811 2196 conjugis
826 2121 939 2196 nuptias
954 2121 1103 2185 contraxit,
1118 2126 1227 2175 tenetur
1239 2119 1281 2175 rei

192 2217 336 2274 veritatem
358 2220 540 2294 investigare,
555 2228 584 2275 et
597 2217 708 2275 interim
722 2219 812 2285 alteri,
827 2220 875 2290 qui
885 2219 934 2295 jus
948 2237 985 2276 ex
1007 2219 1188 2276 matrimonio
1209 2218 1282 2274 bona

190 2313 246 2372 fide
273 2316 346 2373 inito
372 2316 509 2393 possidet,
537 2315 655 2374 reddere
682 2305 841 2374 debitumr
858 2319 896 2372 uti
925 2317 1061 2374 Pontifex
1090 2316 1217 2373 decrevit
1246 2314 1281 2370 de

190 2413 308 2472 homine
333 2416 384 2487 qui
410 2434 513 2473 novam
540 2414 661 2472 duxerat
686 2403 818 2480 uxorem,
840 2413 875 2471 de
903 2424 993 2471 morte
1020 2414 1150 2489 conjugis
1176 2413 1280 2487 prioris

191 2511 333 2570 incertus:
356 2523 376 2550 “
389 2515 421 2572 Si
440 2533 507 2572 vero
520 2555 626 2571 ......
639 2513 675 2571 de
690 2522 779 2571 morte
804 2512 935 2589 conjugis
952 2511 1043 2568 adhuc
1064 2511 1208 2569 existimat
1227 2511 1282 2578 sibi

191 2610 389 2681 dubitandum,
405 2614 431 2670 ei
451 2632 513 2685 quae
540 2613 596 2670 sibi
619 2612 725 2688 nupsit,
754 2613 880 2671 debitum
902 2629 960 2667 non
980 2609 1100 2686 deneget
1119 2608 1281 2684 postulanti,

191 2711 267 2782 quod
295 2732 310 2769 a
331 2731 362 2770 se
384 2723 477 2770 tamen
498 2713 610 2770 noverit
636 2711 798 2768 nullatenus
824 2704 1049 2786 exigendum.’'²
1089 2708 1167 2766 Hinc
1187 2710 1226 2766 ait
1248 2707 1280 2765 S.

190 2809 374 2886 Alphonsus:
398 2821 418 2847 “
429 2813 458 2869 in
472 2811 559 2869 dubio
579 2810 614 2867 de
637 2818 726 2867 morte
748 2810 851 2886 prioris
866 2809 1008 2884 conjugis,
1027 2808 1086 2864 sive
1107 2807 1211 2883 nuptiae
1225 2807 1283 2863 sint

191 2908 268 2964 initae
283 2925 348 2964 cum
364 2907 517 2974 bonafide,
532 2909 592 2964 sive
607 2925 672 2962 cum
693 2908 776 2964 dubia
789 2906 855 2974 fide,
870 2923 1013 2978 nunquam
1029 2906 1135 2982 conjux
1150 2888 1281 2962 dubitans

191 3014 288 3081 petere
303 3007 416 3081 poterit,
431 3005 487 3062 nisi
500 3004 535 3062 de
550 3013 640 3063 morte
661 3005 764 3080 prioris
779 3007 909 3081 conjugis
923 3005 1058 3064 habeatur
1071 3004 1217 3070 certitudo,
1233 3013 1281 3060 aut

192 3103 293 3161 saltem
309 3114 384 3162 tanta
398 3105 581 3182 praesumptio
596 3123 659 3177 quae
674 3105 810 3162 moralem
824 3101 1022 3162 certitudinem
1036 3110 1145 3158 statuat.
1186 3100 1280 3166 Alite,

191 3203 338 3261 sitantum
353 3204 534 3279 probabilitas
548 3203 582 3260 de
598 3213 688 3261 morte
702 3203 847 3271 habeatur,
861 3203 962 3274 nequit
975 3218 1101 3273 unquam
1114 3200 1220 3275 conjux
1234 3198 1282 3255 ille

191 3301 323 3360 dubitans
337 3311 442 3378 petere,
458 3312 516 3359 turn
531 3304 598 3375 qnia
613 3312 677 3360 tunc
692 3312 817 3360 remanet
838 3301 982 3378 probabile
999 3299 1156 3376 periculum
1172 3297 1280 3374 injuriae

190 3402 293 3476 prioris
315 3402 458 3478 conjugis,
472 3441 574 3458 ......
588 3410 645 3458 tum
660 3403 726 3473 quia
746 3420 781 3459 eo
802 3420 868 3461 casu
892 3398 1019 3476 possidet
1039 3398 1118 3472 prius
1140 3397 1283 3454 matrimo-

190 3501 280 3567 nium,
290 3500 382 3558 donec
396 3507 506 3556 constet
518 3499 607 3557 fuisse
622 3495 796 3558 solutum.”³

235 3603 301 3658 169.
323 3599 381 3666 Qui
401 3599 476 3655 mala
497 3598 552 3655 fide
574 3617 638 3655 cum
660 3598 714 3654 alia
737 3598 885 3664 contraxit,
900 3615 1023 3655 noscens
1044 3595 1196 3671 conjugem
1218 3611 1281 3650 esse

190 3701 381 3775 superstitem,
394 3716 452 3756 non
466 3706 561 3773 potest
575 3697 619 3754 vel
633 3695 761 3765 reddere,
776 3697 821 3755 vel
834 3705 941 3772 petere,
956 3714 1044 3767 quum
1059 3695 1169 3752 nullum
1179 3695 1228 3771 jus
1243 3711 1280 3750 ex

190 3797 355 3874 hujusmodi
369 3797 523 3855 tentamine
534 3797 646 3854 oriatur.
676 3796 740 3854 Nec
754 3797 838 3854 refert
851 3795 927 3867 quod
942 3805 1069 3872 tempore
1080 3793 1280 3870 progrediente

192 3894 310 3962 dubitet,
336 3904 428 3953 utrum
461 3896 568 3971 conjux
601 3896 736 3971 deinceps
769 3895 941 3961 discesserit,
968 3914 1034 3952 nam
1067 3891 1281 3950 matrimonium

193 4000 355 4050 attentatum
369 4005 457 4050 morte
472 3994 602 4070 conjugis
612 3994 704 4052 nullas
719 3993 837 4064 acquirit
845 3993 929 4049 vires.
961 3991 994 4048 Si
1007 4000 1125 4061 uterque
1141 3986 1214 4044 mala
1226 3986 1281 4042 fide

192 4091 375 4158 contraxerit,
385 4089 618 4168 impedimentum
629 4093 756 4150 criminis
772 4089 837 4147 inde
851 4089 986 4156 nascitur,
997 4087 1068 4144 adeo
1081 4095 1154 4142 utne
1164 4083 1280 4157 quidem

191 4200 258 4266 post
283 4190 412 4267 conjugis
439 4190 551 4248 alterius
578 4200 708 4258 mortem,
735 4185 1018 4268 conjungi'valeant,
1040 4184 1094 4241 nisi
1117 4184 1282 4259 impetretur

293 4410 335 4475 (l)
354 4409 415 4472 Cap.
425 4407 587 4473 inquisitioni,
599 4409 628 4459 de
636 4415 699 4462 sent.
710 4425 801 4461 eccam

295 4496 337 4561 (2)
358 4495 388 4545 G.
399 4495 529 4556 Dominus,
540 4497 570 4548 de
582 4511 626 4547 sec.
637 4497 745 4564 nuptiis.
938 4494 979 4560 (3)
999 4491 1029 4542 L.
1041 4492 1072 4542 vi.
1084 4507 1110 4541 n.
1122 4489 1179 4541 906.
