3124 5168
513 573 570 634 DE
591 571 776 633 DO'l'IBUS
796 571 1003 634 MINISTRI.
1264 575 1301 632 lli

211 758 265 818 per
278 741 395 820 gratiam
408 740 540 818 proxime
560 739 705 810 ordinate,
719 757 813 814 neque
828 741 859 800 iu
871 740 913 799 eis
928 759 960 800 ss
974 739 1108 800 exhibeat
1122 738 1256 800 sacerdos
1270 749 1303 801 ut

213 841 344 900 minister
353 840 408 899 Dei
422 841 624 900 sanctificantis
639 841 774 910 animam,
786 859 846 900 non
859 848 904 898 est
916 848 973 900 tam
984 839 1077 918 gravis
1088 857 1175 899 cama
1187 848 1216 899 et
1227 840 1300 900 ratio

212 939 346 1017 exigendi
360 940 499 998 internam
513 941 615 998 animae
629 939 804 998 sanctitatem
820 939 855 998 ad
866 958 916 998 cas
930 937 1115 998 exercendas.
1142 938 1222 1016 Ergo
1235 939 1300 1000 illas

212 1037 241 1094 in
255 1047 373 1116 peccato
387 1038 499 1096 efficere
514 1047 644 1115 exparte
659 1040 794 1109 materias,
809 1057 868 1097 non
882 1037 1070 1098 videturesse
1084 1055 1169 1116 grave
1189 1037 1301 1098 sacrile-

211 1134 342 1213 ςίιιιιι.”ι
370 1137 429 1205 Qui
443 1156 459 1196 e
474 1147 548 1196 terra
561 1138 653 1196 elevat
664 1139 876 1208 eucharistiam,
888 1137 971 1196 facile
985 1145 1139 1196 excusatur
1152 1137 1190 1196 ob
1204 1155 1301 1196 neces·

211 1235 340 1295 sitatem:
363 1237 448 1295 etiam
461 1237 562 1306 laicus,
577 1237 602 1294 si
616 1236 748 1310 sacerdos
763 1246 868 1315 praesto
877 1255 935 1297 non
946 1228 1010 1295 sit'
1043 1235 1110 1295 Hoc
1123 1236 1216 1295 innixi
1225 1237 1301 1314 prin·

212 1335 286 1411 cipio
301 1335 408 1412 plures,
423 1335 487 1394 aliis
501 1334 770 1405 contradicentibus,
786 1335 923 1396 diaconos
936 1344 965 1395 et
979 1335 1168 1395 subdiaconos
1182 1335 1212 1394 in
1226 1353 1301 1394 mor·

212 1433 259 1490 tali
274 1433 441 1493 solemniter
461 1436 653 1494 ministrantes
673 1435 815 1493 habenta
834 1454 911 1494 novo
929 1444 1008 1493 reatu
1029 1436 1108 1512 gravi
1127 1443 1297 1494 excusatos:

212 1532 281 1620 item
308 1534 477 1609 episcopum
504 1541 719 1601 consecrantem
747 1534 896 1611 templum,
931 1533 1145 1593 benedicentem
1172 1534 1298 1593 vestibus

212 1629 312 1698 sacris,
335 1639 383 1689 aut
409 1633 613 1707 corporalibus,
638 1640 667 1689 et
693 1633 868 1692 sacerdotem
896 1632 1079 1692 adsistentem
1106 1633 1299 1701 matrimonio,

212 1728 429 1789 benedicentem
444 1731 595 1799 cineribus,
611 1749 690 1803 aquae
704 1731 821 1801 lustrali,
837 1733 957 1805 aliisque
970 1732 1155 1812 hujusmodi:
1172 1732 1250 1806 quod
1263 1729 1299 1790 de

210 1827 354 1903 plerisque
368 1828 533 1906 hujusmodi
547 1830 655 1888 actibus
670 1830 746 1889 haud
760 1850 834 1908 aegre
848 1829 1043 1889 concedimus.

248 1929 297 1985 29.
320 1927 561 1986 concionatorem
582 1929 690 2005 peccati
712 1929 775 1988 labe
799 1930 907 1989 secretd
929 1929 1066 1989 infectum
1079 1929 1177 2008 plures
1192 1948 1208 1986 a
1221 1945 1298 1987 novo

209 2035 325 2102 peccato
339 2027 444 2085 habent
456 2028 624 2097 immunem,
645 2026 713 2087 licet
726 2029 888 2088 concionari
902 2038 1010 2105 pergat,
1030 2046 1089 2087 uon
1102 2030 1180 2088 enim
1194 2044 1298 2086 munus

210 2123 280 2185 adeo
300 2145 402 2202 perse
425 2135 554 2185 sanctum
575 2137 628 2196 est,
650 2127 722 2189 alios
743 2125 779 2185 ad
800 2129 931 2186 virtutem
944 2128 1059 2196 hortari,
1073 2136 1104 2185 ut
1117 2135 1298 2206 peccatorem

208 2225 326 2283 omnino
339 2224 483 2283 dedeceat.
525 2224 671 2284 Caeterum
692 2228 717 2284 si
738 2227 800 2303 ejus
814 2229 995 2286 innotescant
1005 2227 1082 2294 vitia,
1097 2239 1125 2286 et
1138 2226 1298 2305 presertim

207 2322 234 2379 si
247 2322 278 2380 in
291 2340 327 2381 eo
341 2339 443 2399 genere
456 2332 566 2398 peccet,
579 2325 610 2380 in
623 2323 701 2395 quod
714 2325 866 2392 invehitur,
886 2324 957 2384 adeo
969 2332 1002 2382 ut
1011 2323 1121 2395 ludere,
1141 2335 1171 2383 ot
1182 2324 1299 2383 irridere

208 2419 348 2488 videatur,
373 2419 449 2477 haud
474 2417 558 2478 facile
584 2439 601 2476 a
626 2421 797 2497 gravissimo
828 2430 946 2498 peccato
972 2421 1099 2478 scandali
1123 2417 1300 2482 excusatur.³

208 2519 350 2577 Audiatur
369 2519 500 2578 Psaltes:
524 2519 703 2578 “Peccatori
717 2528 810 2578 autem
825 2519 898 2578 dixit
910 2517 1012 2579 Densa
1033 2518 1129 2586 Quare
1143 2529 1170 2578 tu
1186 2538 1300 2580 enarras

204 2619 328 2695 justitias
342 2636 433 2687 meas,
457 2627 485 2676 et
504 2620 628 2677 assumis
650 2626 849 2678 testamentum
868 2636 964 2678 meum
984 2637 1037 2696 per
1055 2637 1088 2677 os
1108 2619 1210 2679 mum?
1250 2619 1300 2679 ’l'u

208 2716 274 2776 verb
295 2718 379 2776 odisti
399 2717 591 2795 disciplinam,
615 2725 643 2775 et
665 2719 810 2795 projecisti
831 2736 978 2777 sermones
1000 2737 1080 2777 meos
1094 2713 1300 2780 retrorsum.”⁴

208 2817 340 2893 Apostoli
348 2835 462 2890 quoque
476 2816 560 2874 verba
575 2817 602 2874 ei
615 2819 802 2875 conveniunt:
825 2817 915 2884 “Qui
928 2835 996 2899 ergo
1009 2817 1097 2878 alium
1109 2815 1207 2887 doces,
1229 2820 1299 2898 teip-

207 2933 272 2974 sum
285 2933 344 2973 non
361 2914 465 2973 doces:
487 2917 537 2989 qui
549 2915 687 2992 praedicas
700 2935 759 2977 non
772 2916 933 2986 iurandum,
947 2916 1068 2980 furaris:
1090 2919 1139 2994 qni
1154 2917 1226 2976 dicis
1241 2935 1299 2976 non

209 3012 412 3073 moechandum
425 3007 625 3072 moecharis.'’³

249 3116 298 3171 30.
320 3113 486 3190 Episcopus
507 3121 625 3189 peccato
647 3112 824 3186 inquinatus,
844 3111 1018 3170 benedicens
1039 3129 1122 3169 sacro
1144 3111 1299 3178 chrismati,

210 3212 256 3270 vel
282 3212 345 3270 oleo
363 3212 553 3280 infirmorum,
579 3209 691 3270 videtur
716 3211 861 3270 nonnullis
882 3229 987 3270 noram
1006 3208 1101 3268 labem
1121 3209 1299 3290 contrahere,

211 3328 300 3383 quum
314 3319 394 3385 paret
405 3311 550 3368 materiam
563 3311 763 3369 sacramentis:
786 3310 837 3368 sed
850 3311 885 3369 ab
899 3311 962 3369 aliis
976 3320 1138 3380 excusatur,
1150 3329 1208 3370 non
1221 3309 1299 3370 enim

211 3409 268 3468 nisi
289 3416 398 3466 remote
418 3406 453 3466 ad
473 3408 570 3484 gratiae
585 3409 764 3468 collationem
785 3411 937 3467 concurrit.
980 3408 1161 3468 Celebrando
1174 3409 1299 3468 Missam

210 3526 244 3567 ea
263 3509 414 3566 occasione
434 3507 520 3584 plane
540 3516 649 3586 peccat,
670 3510 706 3566 ob
727 3509 874 3586 indignam
897 3508 1026 3585 corporis
1046 3505 1167 3566 Domini
1187 3506 1300 3565 conseo·

211 3609 317 3667 tionem
341 3617 369 3666 et
388 3608 612 3684 susceptionem.
654 3607 700 3666 De
723 3609 857 3668 omnibus
877 3609 965 3667 sacris
986 3588 1152 3666 muneribus
1175 3606 1243 3665 dicit
1265 3606 1298 3665 S.

211 3705 360 3766 Thomas:
383 3707 598 3780 “Quicumque
612 3715 705 3765 autem
719 3726 785 3766 cum
799 3716 917 3784 peccato
931 3707 1044 3765 mortali
1058 3705 1173 3779 aliquod
1186 3724 1299 3765 sacrum

210 3804 337 3864 officium
351 3814 511 3882 pertractat,
526 3825 586 3865 non
600 3813 644 3862 est
657 3806 776 3866 dubium
796 3808 866 3881 quin
885 3805 955 3866 illud
969 3803 1087 3886 indigne
1100 3805 1203 3868 faciat:
1223 3803 1300 3870 unde

211 3913 289 3980 patet
302 3903 377 3977 qnod
389 3914 488 3982 peccat
500 3895 704 3968 mortaliter.”⁶

249 4105 292 4171 (t)
309 4102 339 4152 In
350 4103 384 4152 iii.
395 4119 419 4168 p.
428 4103 461 4155 D.
471 4110 520 4156 xv'n
532 4111 556 4167 ξ.
566 4107 600 4157 iii.
611 4122 634 4156 v.
646 4109 729 4175 Atque
736 4106 802 4158 ttae.

262 4189 290 4254 2)
311 4187 477 4240 Busembeum
487 4191 553 4256 epud
564 4191 590 4240 S.
601 4192 676 4257 Alph.
689 4194 704 4242 1.
716 4192 747 4242 vi.
758 4207 784 4242 n.
797 4193 838 4241 ³0.

261 4274 290 4339 3)
310 4271 336 4321 S.
345 4273 421 4338 Alph.
433 4275 449 4324 l.
460 4275 493 4325 vi
504 4291 528 4326 ιι.
540 4279 581 4326 41.
686 4279 729 4344 (4)
749 4277 790 4325 Pe.
801 4275 861 4324 xlix.
876 4277 914 4323 12.

262 4357 467 4423 5)1tcm.ii.21.
684 4363 727 4428 (6)
746 4359 816 4409 lniv.
828 4354 962 4408 dist-nim
972 4349 1122 4416 q.i.emiit.
1134 4369 1157 4422 q.
1168 4353 1268 4406 mua.

248 4189 260 4253 (

246 4275 259 4337 (

248 4356 260 4424 (
