3172 5172
235 521 292 578 16⁰
550 524 551 532 ’
582 512 640 573 DE
662 511 970 571 CONFESSIONE.

271 687 321 742 62.
343 681 434 742 Extra
447 699 546 738 causas
566 679 726 758 praedictas,
748 678 794 736 vel
813 678 883 736 alias
904 677 1079 756 hujusmodi,
1096 679 1179 751 “qui
1199 679 1319 738 scienter

171 777 175 786 '
232 781 339 856 aliquid
351 781 482 848 retinent,
498 779 570 838 nihil
591 778 693 836 divinoe
714 778 831 836 bonitati
851 796 903 854 per
922 775 1099 836 sacerdotem
1118 778 1321 838 remittendum

234 891 397 959 proponunt
408 875 455 938 :''¹
474 879 574 938 dolose
588 879 694 954 quippe
714 896 779 936 cum
802 877 868 936 Deo
891 896 974 954 agere
997 876 1139 946 videntur,
1154 886 1183 934 et
1202 879 1321 955 Spiritui

235 983 342 1040 Sancto
356 979 478 1038 mentiri.
521 980 668 1037 Tenentur
687 977 794 1035 ideirco
807 976 935 1035 confiteri
955 978 1056 1035 iterum
1070 977 1168 1035 onmia
1190 995 1253 1050 quae
1274 975 1321 1034 ad·

232 1081 381 1148 miserunt,
395 1098 432 1138 ex
446 1097 503 1152 quo
517 1077 722 1136 absolutionem
736 1077 935 1134 ante'celatum
953 1076 1086 1135 delictum
1102 1085 1278 1152 acceperant,
1293 1086 1322 1133 et

233 1181 325 1256 ipsam
339 1178 466 1238 fraudem
480 1186 507 1234 et
520 1177 701 1235 mendacium
714 1176 867 1252 imprimis.
911 1174 1054 1235 Caeterum
1070 1177 1095 1233 si
1108 1175 1185 1251 apud
1197 1174 1320 1234 eundem

233 1277 409 1338 sacerdotem
422 1277 566 1336 confessio
580 1277 637 1343 fiat,
653 1277 698 1334 eui
718 1276 858 1352 generalis
880 1276 1063 1334 conscientiae
1086 1275 1213 1334 conditio
1234 1283 1320 1352 patet,

234 1395 352 1436 necesse
366 1395 424 1436 uon
438 1378 500 1446 erit,
510 1378 595 1455 juxta
605 1376 768 1451 plerosque,
782 1375 946 1450 singillatim
961 1375 1057 1434 omnia
1071 1372 1181 1442 iterare,
1191 1374 1242 1432 sed
1253 1376 1320 1433 satis

234 1477 286 1534 erit
299 1495 362 1550 quta
383 1478 492 1535 omissa
516 1485 584 1535 suut
602 1475 718 1543 referre,
732 1485 761 1532 et
782 1475 874 1550 ipsius
896 1475 1061 1533 omissionis
1081 1493 1112 1530 ae
1137 1476 1279 1543 incusare,
1294 1484 1322 1532 et

235 1577 391 1654 generatim
405 1577 532 1635 omnium
546 1593 609 1649 quae
627 1576 689 1652 jam
703 1574 877 1633 confessario
891 1584 957 1633 sunt
976 1573 1133 1633 declarata:
1151 1573 1228 1647 quod
1244 1575 1322 1633 enim

235 1675 296 1734 aliae
310 1675 508 1735 confessiones
521 1674 787 1750 fuerintsaerilegae,
799 1692 855 1732 non
867 1674 935 1732 lacit
947 1683 978 1732 ut
990 1673 1079 1750 repeti
1093 1672 1223 1741 debeant,
1236 1692 1324 1746 quum

236 1775 340 1834 suerint
365 1774 594 1842 sacramentales,
616 1782 644 1830 et
669 1773 822 1832 accedente
848 1772 948 1832 dolore
970 1783 998 1830 et
1020 1774 1117 1831 iterata
1144 1775 1323 1832 accusatione

235 1875 402 1952 generatim,
417 1875 560 1951 praebeant
573 1873 719 1932 materiam
740 1868 938 1931 absolutioni.2
973 1873 1006 1930 Si
1020 1873 1099 1931 alteri
1112 1871 1252 1932 sacerdoti
1273 1873 1321 1946 qui

237 1973 339 2032 delicta
352 1975 515 2052 poenitentis
529 1981 611 2031 antea
631 1992 689 2030 non
709 1973 828 2049 accepit,
842 1972 899 2041 fiat,
914 1991 988 2048 opus
1009 1973 1061 2030 erit
1081 1972 1179 2032 iterata
1197 1973 1323 2049 singulo-

235 2091 298 2132 rum
320 2074 512 2132 conscssione.
555 2071 704 2148 Contingit
723 2071 875 2144 aliquando
900 2080 932 2128 ut
956 2082 1105 2148 peccatum
1131 2073 1281 2139 omittatur,
1295 2080 1324 2128 et

236 2171 371 2248 deinceps
384 2191 414 2230 re
435 2173 570 2230 oblivioni
592 2172 700 2238 tradita,
715 2171 859 2230 bonafide
880 2171 1024 2230 consessio
1044 2171 1101 2240 fiat,
1116 2190 1169 2229 nec
1190 2171 1246 2228 nisi
1259 2179 1325 2246 post

236 2270 332 2348 plures
359 2289 459 2338 anuos,
486 2272 652 2331 omissionis
678 2279 807 2330 occurrat
827 2272 980 2328 memoria:
1016 2281 1083 2330 tunc
1109 2273 1177 2329 satis
1197 2279 1240 2327 est
1259 2288 1322 2346 pee-

237 2371 412 2430 cataitemm
435 2371 574 2441 confiteri,
589 2389 653 2445 quae
676 2371 811 2438 admissa,
826 2379 900 2438 sunt,
924 2369 993 2428 dum
1014 2370 1088 2428 mala
1108 2370 1164 2429 fide
1187 2380 1322 2446 ageretur.

237 2469 317 2530 Idem
345 2469 498 2529 dicendum
521 2470 555 2529 de
577 2470 758 2529 consessione
778 2469 862 2527 aliam
885 2471 922 2528 ob
944 2470 1081 2528 rationem
1109 2470 1195 2537 irrita,
1219 2487 1322 2545 nempe

238 2569 314 2643 quod
328 2570 409 2627 dolor
422 2571 509 2627 animi
522 2570 684 2635 desuerit,et
697 2570 876 2643 propositum
891 2587 973 2624 novae
988 2570 1062 2634 vitae,
1083 2569 1127 2625 vel
1141 2568 1218 2640 quod
1231 2585 1323 2625 saeer-

238 2667 296 2726 doti
305 2666 503 2743 jurisdictione
516 2667 621 2723 carenti
634 2666 706 2723 faeta
726 2666 780 2722 sit:
805 2665 892 2723 simili
910 2665 1027 2738 quidem
1046 2674 1128 2742 paeto
1150 2665 1323 2742 reparandus

217 2829 220 2836 ,
236 2749 426 2851 οείῖάοἰθοῑυε.

279 2868 327 2922 63.
350 2863 457 2921 Eidem
477 2862 647 2922 sacerdotia
670 2882 727 2937 quo
742 2863 883 2923 absolutio
903 2864 995 2935 datur,
1010 2867 1118 2944 integra
1137 2864 1265 2924 facienda
1284 2876 1327 2924 est

239 2963 393 3030 consessio,
408 2981 473 3021 nam
494 2962 529 3021 de
543 2965 696 3040 poenitente
717 2963 800 3022 debet
815 2964 954 3041 judicare,
970 2965 1091 3039 ideoque
1112 2967 1224 3043 plenam
1246 2965 1326 3024 debet

238 3062 343 3122 lrabere
366 3064 559 3132 eonscientiae,
582 3073 719 3136 quatenus
752 3064 930 3123 innotescere
957 3067 1057 3140 possit,
1080 3066 1226 3125 notitiam:
1249 3063 1325 3137 quod

237 3174 315 3240 patet
335 3183 372 3222 ex
392 3183 445 3222 usu
466 3173 494 3220 et
513 3165 675 3222 auctoritate
701 3164 853 3222 Eeclesiae.
896 3164 955 3231 Qui
975 3165 1062 3240 igitur
1082 3165 1161 3223 alteri
1186 3163 1325 3223 sacerdoti

237 3263 377 3335 quaedam,
392 3262 446 3320 alie
466 3263 546 3320 alteri
572 3263 704 3332 referunt,
726 3264 766 3321 nil
787 3264 946 3340 proficiunt,
961 3264 1011 3322 aed
1031 3265 1171 3340 sacrilegii
1184 3273 1268 3354 breatu
1289 3264 1325 3322 ob

236 3359 332 3419 dolum
347 3379 378 3418 se
392 3360 577 3439 adstringunt.
619 3363 676 3430 Qui
696 3373 811 3440 peecata
824 3364 920 3439 gravia
941 3366 1039 3422 omnia
1052 3362 1191 3422 sacerdoti
1212 3362 1324 3422 cuidam

236 3461 371 3530 referunt,
386 3470 414 3518 et
435 3463 611 3520 absolutione
631 3464 665 3520 ab
689 3481 723 3520 eo
744 3463 894 3531 donantur,
909 3463 1046 3541 deinceps
1065 3463 1100 3521 ad
1119 3463 1325 3522 confessarium

236 3570 404 3618 consuetum
417 3560 594 3629 aecedentes,
604 3570 634 3618 ut
647 3561 744 3637 culpas
754 3563 876 3620 reserant
884 3564 1020 3630 veniales,
1028 3564 1057 3622 in
1071 3582 1206 3641 magnum
1215 3581 1245 3619 se
1259 3580 1325 3620 eon-

230 3658 334 3733 jieiunt
347 3657 518 3732 perieulum,
529 3659 596 3716 dum
611 3678 669 3717 suae
684 3660 758 3736 apud
779 3660 855 3718 hune
877 3661 1054 3721 aestimationi
1074 3663 1245 3721 consulunt:
1267 3679 1325 3719 non

236 3765 330 3815 tamen
340 3756 636 3832 videnturrepellendi
649 3778 666 3814 a
678 3758 825 3816 sacerdote
839 3770 986 3830 extraneo,
1002 3781 1038 3820 ne
1052 3780 1117 3819 cum
1132 3770 1207 3819 certa
1221 3762 1323 3819 animae

234 3857 363 3933 pernicie
376 3841 496 3913 erimina
505 3856 607 3913 celent.
641 3857 700 3924 Qui
713 3868 808 3916 tamen
819 3871 1029 3919 consueverunt
1037 3862 1143 3937 saepius
1157 3860 1224 3928 labi,
1239 3872 1268 3919 et
1288 3861 1326 3917 ita

234 3957 289 4015 sibi
312 3955 471 4024 consulere,
486 3955 662 4024 sacerdotem
683 3966 833 4030 utrumque
857 3957 998 4029 adeundo,
1020 3961 1145 4018 maxime
1168 3960 1328 4037 periclitan-

235 4065 287 4114 tur.

477 4246 519 4310 (l)
539 4243 616 4293 Cone
627 4243 695 4293 Trid.
708 4243 772 4293 Sese.
783 4245 832 4293 xiv.
844 4260 896 4310 cap.
908 4261 931 4295 v.
943 4244 973 4297 de
983 4253 1076 4314 poenet.

482 4331 524 4396 (2)
545 4329 572 4379 S.
583 4328 659 4394 Alph.
671 4329 687 4379 l.
699 4330 730 4379 vi.
741 4346 768 4380 n.
780 4332 837 4378 502.
