3144 5192
258 546 318 602 214
608 537 665 596 DE
687 535 998 597 ABSOLU'I'IONE.

255 709 395 768 mitterem
407 723 514 782 sponso
523 703 557 762 ad
571 703 689 763 domum
698 723 811 782 sponse
826 703 960 762 accedere
972 723 980 772 ;
994 705 1040 763 vel
1052 721 1177 780 sponse,
1187 711 1235 760 aut
1247 721 1349 779 parea·

259 807 342 874 tibus,
357 805 438 864 illum
452 805 482 862 in
495 803 583 863 domo
597 805 746 880 excipere:
761 822 825 861 raro
846 803 922 863 enim
943 805 1047 880 reperi,
1061 805 1152 877 quiin
1166 802 1212 860 tali
1232 821 1350 860 accessu

259 924 317 966 non
331 904 500 982 peccaverit,
512 905 611 962 saltem
628 905 720 961 verbis
734 913 781 962 aut
794 903 1022 980 cogitationibus,
1034 921 1099 962 cum
1108 920 1208 962 omnes
1217 911 1350 983 aspectus

258 1016 287 1064 et
299 1005 443 1077 colloquia
462 1005 535 1062 inter
547 1003 714 1081 hujusmodi
727 1021 850 1079 sponsos
864 1003 923 1060 sint
941 1004 1085 1062 incentiva
1104 1001 1140 1060 ad
1161 1001 1349 1079 peccandum,

259 1117 287 1164 at
301 1104 443 1164 moraliter
454 1102 632 1178 impossibile
646 1103 683 1159 sit
696 1102 775 1178 ipsos
790 1103 914 1160 invicem
927 1112 1054 1171 tractare,
1069 1110 1097 1160 et
1110 1100 1240 1159 stimulos
1254 1109 1350 1176 turpes

259 1204 432 1264 consentire
446 1201 481 1259 ad
495 1219 539 1269 ea,
551 1220 613 1274 quoe
624 1209 752 1278 tempore
766 1202 894 1280 conjugii
906 1203 980 1260 inter
993 1219 1024 1259 se
1038 1201 1131 1260 futura
1140 1209 1231 1258 erunt.
1259 1200 1293 1258 Iu
1303 1199 1349 1257 his

260 1313 353 1362 autem
367 1301 513 1368 omnibus,
525 1300 681 1378 presertim
695 1301 743 1358 ubi
757 1301 880 1376 turpium
894 1300 1027 1378 lapsuum
1036 1301 1195 1378 periculum
1208 1300 1348 1366 imminet,

259 1400 386 1460 advertat
398 1398 514 1458 sedulus
529 1400 731 1468 confessarius,
746 1398 823 1472 quod
836 1419 982 1474 nunquam
994 1400 1138 1460 crudelius
1149 1417 1180 1456 sc
1194 1409 1271 1475 geret
1282 1417 1349 1456 cum

260 1501 414 1578 paenitente
429 1519 514 1572 quam
536 1501 687 1577 benignius
701 1498 822 1576 agendo,
837 1510 866 1558 et
878 1518 936 1571 quo
950 1501 1087 1578 majorem
1106 1499 1282 1557 severitatem
1301 1497 1349 1555 ad·

259 1601 377 1666 hibebit,
393 1618 428 1657 eo
447 1599 549 1657 melius
572 1600 648 1658 illius
668 1599 750 1658 saluti
776 1600 916 1659 consulet.
949 1600 989 1658 D.
1011 1601 1143 1658 Thomas
1162 1617 1178 1656 a
1196 1597 1350 1657 Villaucva

262 1697 348 1776 (Fer.
363 1703 392 1757 6.
406 1704 478 1776 post
489 1696 581 1757 Dum.
595 1703 625 1756 4.
644 1697 821 1776 Quadrug‚)
833 1709 915 1757 vocat
928 1698 1116 1758 confessarios
1134 1707 1153 1734 “
1163 1698 1252 1773 impie
1272 1699 1348 1775 pios,

262 1801 312 1873 qui
330 1817 367 1857 ne
381 1798 562 1856 confitentem
577 1799 753 1864 contristent,
768 1798 849 1856 illum
863 1800 892 1856 in
906 1818 957 1856 sua
969 1799 1097 1871 nequitia
1110 1813 1223 1857 manere
1238 1797 1351 1874 permit·

261 1893 371 1958 tunt.”¹
400 1897 472 1956 Haec
484 1897 613 1956 nonnulli
627 1897 702 1954 haud
716 1897 778 1955 sine
791 1899 884 1974 gentis
905 1899 1019 1975 injuria,
1035 1917 1072 1956 ex
1092 1896 1249 1974 depravatis
1263 1897 1348 1955 Italo·

262 2018 325 2059 rum
340 1997 465 2057 moribus
480 1996 577 2055 durius
591 1996 668 2055 dicta
681 2016 697 2054 a
710 1996 743 2053 S.
759 1997 910 2072 alphonso
924 2008 1061 2056 censent:
1077 1997 1128 2054 sed
1148 1995 1250 2054 melius
1264 1996 1351 2068 equi·

261 2115 354 2169 usque
364 2097 528 2172 regionibus
542 2096 677 2155 omnibus
686 2097 840 2154 convenire
854 2107 1015 2166 censentur,
1026 2097 1180 2168 unicuique
1189 2097 1265 2154 euim
1274 2113 1350 2152 com·

261 2205 373 2273 pertum
400 2211 464 2252 esse
485 2193 578 2263 debet,
605 2196 641 2253 ab
661 2193 825 2272 hujusmodi
852 2197 1005 2264 consortio,
1032 2196 1079 2255 diu
1105 2195 1279 2262 continuato,
1300 2195 1351 2252 vix

261 2295 361 2354 abesae
374 2293 503 2371 graviora
518 2304 644 2372 peccata.
687 2292 728 2353 Ut
741 2305 834 2352 autem
848 2314 910 2368 que
925 2314 1018 2354 mores
1030 2295 1120 2354 nostri
1133 2303 1228 2352 vatam
1237 2296 1350 2370 penitus

262 2395 331 2464 tolli,
346 2402 482 2468 quantum
498 2396 652 2472 possimus,
668 2394 857 2463 moderemur,
872 2394 1000 2468 quedam
1015 2395 1191 2454 enucleatius
1206 2394 1352 2472 explican-

261 2496 297 2555 da
310 2494 455 2554 duximus.

304 2599 370 2652 192.
401 2594 459 2660 Qui
485 2613 516 2652 se
543 2605 642 2653 mutuo
667 2595 835 2662 invisentes,
859 2595 905 2653 vel
928 2595 1012 2653 altera
1041 2595 1155 2654 alterius
1176 2594 1350 2654 consortium

262 2693 424 2759 admittens,
439 2694 470 2751 in
483 2702 598 2769 peccata
612 2694 704 2751 camis
717 2692 882 2765 frequentur
893 2695 1035 2764 labuntur,
1047 2695 1092 2754 vel
1101 2695 1205 2772 copula
1217 2693 1350 2771 perfecte,

261 2791 307 2849 vel
326 2791 470 2860 inchoata,
484 2790 531 2848 rel
552 2792 671 2850 tactibus
692 2793 875 2868 turpioribus,
897 2794 942 2852 vel
963 2794 1035 2853 alias
1057 2814 1121 2854 curn
1142 2795 1300 2871 pollutione
1320 2793 1351 2850 in

261 2909 303 2958 sc,
326 2890 371 2949 rel
393 2890 424 2947 in
444 2890 586 2960 alterutra,
601 2909 779 2964 nequaquem
797 2903 917 2968 possunt
931 2894 1052 2963 absolvi,
1073 2893 1163 2953 donec
1177 2893 1351 2952 consortium

261 2980 427 3069 hujusmodi
441 2990 589 3060 deserant3
611 3001 742 3051 tenentur
755 2994 832 3051 enim
847 2994 932 3068 plane
945 2992 1150 3053 consuetudine
1163 2991 1311 3069 peccandi,
1324 2999 1353 3048 et

262 3092 292 3150 iu
307 3091 440 3168 proxima
454 3101 481 3149 et
494 3091 652 3150 voluntaria
665 3093 815 3152 occasione
831 3102 986 3151 versantur.
1024 3086 1111 3160 Quod
1126 3095 1151 3150 si
1165 3095 1351 3170 polliceantur

261 3193 435 3250 consortium
447 3190 517 3249 illud
523 3193 664 3268 privatum
675 3192 817 3260 deserere,
830 3200 858 3248 et
870 3193 983 3251 nonnisi
995 3193 1105 3252 arbitris
1118 3193 1305 3270 presentibus
1319 3209 1349 3249 se

261 3300 359 3348 mutuo
373 3291 506 3356 invisere,
522 3291 568 3348 vel
588 3291 672 3349 aliam
687 3291 820 3350 adhibere
838 3292 976 3350 cautelam
991 3311 1027 3350 ne
1047 3303 1176 3369 peccent,
1192 3294 1296 3370 poterit
1308 3293 1350 3349 eis

260 3408 317 3448 una
336 3389 457 3449 alterave
470 3391 532 3448 vice
545 3390 640 3459 credi;
661 3391 712 3448 sed
726 3392 885 3451 relabentes
903 3391 1024 3469 cogendi
1037 3391 1149 3450 suntad
1170 3393 1351 3451 occasionem

259 3508 375 3565 prorsus
390 3489 585 3547 deserendam.
628 3490 765 3548 Parentes
780 3491 829 3564 qui
849 3500 954 3549 norunt
966 3511 1017 3551 ecs
1037 3493 1161 3569 graviter
1179 3509 1307 3568 peccare,
1322 3499 1351 3548 et

261 3596 358 3645 tamen
372 3589 471 3646 sinunt
480 3598 512 3646 ut
524 3589 668 3646 consortio
682 3599 781 3648 mutuo
795 3591 933 3659 fruantur,
949 3601 1015 3648 eunt
1027 3594 1132 3669 pariter
1144 3590 1253 3668 indigni
1270 3585 1368 3648 venia

261 3685 467 3742 sacramentali.

304 3785 371 3840 193.
392 3784 500 3860 Sponsi
515 3786 564 3856 qui
578 3784 607 3843 in
618 3786 726 3843 nullum
741 3788 854 3864 gravius
867 3799 1015 3864 peccatum
1029 3789 1168 3858 labuntur,
1177 3789 1228 3848 sed
1242 3789 1349 3858 oscula,

261 3902 395 3942 manuum
405 3885 615 3961 prensaticnem
629 3894 656 3942 et
668 3887 820 3962 amplexus
833 3888 955 3946 leviores
966 3888 1064 3948 mutud
1074 3890 1231 3966 excipiunt,
1242 3890 1350 3960 absque

260 3983 386 4044 libidinis
407 3994 496 4053 motu,
510 3982 642 4043 videntur
663 4003 748 4062 posse
768 3988 930 4045 excusaris
950 3999 1066 4064 peccato
1087 3990 1209 4056 mortali,
1224 4008 1259 4048 eo
1273 3986 1351 4060 quod

260 4083 322 4142 haec
336 4083 486 4145 videantur
504 4085 573 4142 casti
594 4086 698 4144 amoris
718 4087 834 4156 indicia,
849 4089 897 4160 qui
918 4087 1058 4147 fouendus
1071 4098 1116 4146 est
1129 4098 1193 4146 ante
1206 4088 1351 4148 matrimo-

260 4184 351 4242 nium.
393 4184 537 4244 Oaeterum
546 4185 571 4243 si
584 4185 704 4262 pollutio
717 4196 860 4260 sequatur,
871 4188 911 4245 uti
922 4187 1005 4247 facile
1017 4189 1155 4266 contingit
1164 4188 1193 4246 in
1204 4187 1349 4263 amplexu,

260 4282 306 4340 vel
319 4284 418 4344 osculo
437 4285 586 4354 diuturnc;
608 4284 653 4344 vel
666 4286 691 4344 si
704 4286 777 4346 aliiss
796 4286 884 4346 libido
898 4287 932 4344 ab
945 4287 1077 4350 alterutro
1091 4288 1182 4348 severi
1202 4295 1350 4355 noscatur,

632 4507 674 4572 (r)
693 4505 720 4554 s.
731 4506 807 4572 arpa
817 4507 833 4557 1.
844 4507 876 4558 vr.
887 4523 913 4562 ιι.
923 4509 982 4560 aaa.
