3144 5192
478 513 535 574 DE
556 511 741 575 MUNERE
763 510 1051 571 CONFESSARII.
1251 517 1311 572 285

226 700 299 755 qnos
319 681 449 740 noverint
460 682 522 759 jam
536 681 570 739 ab
590 680 646 738 alio
666 679 831 745 solicitatos‚
852 677 1085 744 sacramentalem
1105 675 1312 736 absolutionem

226 781 398 857 impertiant,
412 781 467 839 nisi
485 781 563 856 prius
578 777 824 836 denunciationem
839 774 1001 852 predictam
1016 773 1050 832 ad
1064 773 1196 833 effectum
1213 773 1315 853 perdu-

226 889 334 947 centes,
349 879 561 951 delinquentem
583 877 771 936 indicaverint
790 875 965 952 competenti
974 873 1077 951 judici,
1093 874 1139 932 vel
1162 875 1262 932 saltem
1282 892 1314 932 se

227 977 426 1054 cumprimum
441 987 583 1054 poterunt,
598 976 740 1034 delaturos
754 974 915 1052 spondeant
928 971 1162 1049 acpromittant.”
1197 973 1316 1033 Calum-

223 1078 299 1136 niam
314 1087 407 1136 autem
422 1079 576 1153 impactam
590 1075 783 1133 sacerdotibus
798 1073 922 1132 innoxiis
936 1071 1036 1129 ulcisci
1057 1070 1155 1140 voluit,
1168 1083 1313 1132 reservato

226 1177 280 1234 sibi
293 1177 413 1234 crImIne
428 1194 526 1234 eorum
541 1175 589 1247 qui
602 1193 652 1232 eos
667 1174 864 1232 solicitationis
877 1170 949 1230 salso
963 1169 1168 1239 insimularent,
1183 1173 1229 1230 vel
1242 1172 1312 1232 alios

227 1275 261 1333 ad
276 1274 498 1334 iusimulandum
514 1272 702 1349 impellerent.
725 1273 785 1330 Sub
799 1269 1104 1354 excommunicationis
1115 1287 1199 1344 poena
1208 1269 1315 1330 denun-

227 1374 305 1432 tiatIo
331 1373 404 1432 intra
430 1390 560 1430 mensem
584 1370 714 1430 facienda
739 1379 792 1437 est,
819 1370 919 1427 saltem
943 1369 992 1426 ubi
1018 1369 1095 1445 ulget
1117 1367 1314 1442 inquisitionis

228 1466 376 1530 tribunal.¹

268 1573 338 1628 235.
361 1569 531 1629 Sacerdotes
546 1570 718 1642 quicumque
739 1568 935 1626 solicitationis
949 1567 989 1625 rei
1004 1565 1315 1634 luerint'denuntiandi

230 1677 305 1736 sunt,
320 1687 377 1726 nou
391 1678 484 1726 autem
498 1669 573 1736 laici,
589 1668 634 1725 vel
647 1668 744 1726 clerici
765 1667 924 1733 interiores,
939 1667 988 1738 qui
1009 1665 1103 1724 forsan
1123 1666 1318 1726 simulaverint

230 1766 428 1825 confessiones
456 1765 570 1826 audite:
592 1768 642 1839 qui
657 1777 750 1826 tamen
774 1765 932 1824 sacerdotio
957 1783 1013 1822 non
1036 1765 1188 1842 insignitus
1208 1767 1319 1824 conses-

232 1867 343 1924 sionem
367 1866 523 1942 exceperit,
551 1865 605 1923 alia
637 1865 835 1924 constitutione
870 1864 1004 1941 Gregorii
1036 1864 1122 1923 XIII.
1157 1866 1318 1941 praecipitur

229 1963 449 2032 denuntiandus,
465 1975 609 2037 tamquam
636 1965 666 2022 in
686 1964 741 2022 tide
763 1975 924 2040 suspectus,
939 1962 1017 2035 quod
1036 1962 1252 2040 intelligendum
1272 1974 1316 2022 est

229 2065 342 2122 etiamsi
364 2064 573 2123 absolutionem
588 2064 725 2138 impertiri
738 2081 823 2120 ausus
846 2081 902 2120 non
917 2057 979 2119 sit²
1019 2062 1053 2119 In
1073 2062 1144 2120 locis
1167 2064 1195 2121 in
1218 2063 1319 2135 quibus

231 2164 307 2240 viget
315 2162 479 2235 Inquisitio,
489 2163 669 2221 denuntiatur
677 2161 823 2220 solicitans
837 2161 1050 2234 inquisitoribus
1062 2181 1070 2228 3
1082 2162 1148 2219 alibi
1162 2161 1316 2238 episcopis,

230 2280 282 2318 seu
295 2260 455 2319 ordinariis.
490 2261 631 2336 Episcopi
656 2260 854 2332 deliuquentes
875 2259 1060 2318 denuntiandi
1083 2261 1176 2319 forent
1197 2261 1318 2320 Summo

232 2359 384 2426 Pontifici;
399 2361 529 2431 quamvis
540 2359 726 2430 inquisitores
737 2359 772 2416 de
792 2360 828 2416 iis
846 2377 948 2434 capere
963 2369 1082 2434 possent
1092 2360 1321 2418 Informationem

232 2457 266 2515 ad
281 2458 451 2516 Pontificem
467 2449 738 2516 transmittendam.³

270 2560 341 2616 286.
363 2557 521 2616 Solicitatio
542 2556 646 2615 dicitur
663 2565 753 2621 actus,
768 2565 911 2633 gestusve,
927 2555 971 2614 vel
985 2556 1106 2628 loquela,
1121 2556 1155 2614 ad
1169 2555 1320 2616 libidInem
1339 2599 1342 2610 .

231 2675 409 2733 provocans:
432 2656 497 2714 “ad
518 2656 668 2714 inhonesta
687 2664 715 2713 et
734 2656 836 2732 turpia,
851 2657 912 2713 sive
933 2655 1036 2722 verbis,
1055 2657 1116 2713 slve
1139 2657 1239 2734 signis,
1260 2657 1321 2714 slve

232 2756 355 2824 nutibus,
369 2757 430 2814 sive
445 2766 529 2824 tactu,
545 2756 606 2814 sive
620 2773 671 2831 per
684 2755 863 2831 scripturam,
878 2765 945 2814 tunc
959 2765 1007 2814 aut
1020 2765 1119 2831 postea
1136 2755 1319 2834 legendam.''

233 2854 363 2912 Necesse
383 2873 441 2913 non
461 2864 504 2912 est
517 2865 548 2912 ut
561 2865 643 2931 turpe
657 2852 725 2926 quid
738 2854 796 2922 fiat,
811 2854 861 2912 sed
875 2855 1028 2914 admittitur
1041 2866 1189 2931 peccatum
1209 2857 1321 2929 quoties

232 2951 369 3010 indicium
383 2952 464 3010 datur
484 2963 591 3011 certum
612 2954 692 3030 pravi
706 2953 843 3012 affectus:
865 2954 994 3012 osculum
1018 2952 1134 3020 idcirco,
1149 2973 1260 3024 manus,
1275 2956 1321 3013 vel

234 3050 317 3127 pedis
338 3052 524 3128 compressio,
538 3052 647 3110 brachii
660 3053 734 3110 circa
748 3051 851 3111 collum
866 3052 1007 3118 extensio,
1022 3071 1080 3109 vox
1099 3053 1193 3109 minus
1207 3052 1320 3128 pudica,

134 3183 139 3187 -
234 3150 278 3207 vel
290 3150 364 3208 oculi
378 3150 522 3208 studiosus
542 3160 647 3219 motus,
662 3161 710 3207 aut
722 3151 798 3209 aliud
819 3151 939 3224 quodvis
953 3151 1057 3208 amoris
1075 3151 1199 3226 signum,
1214 3150 1323 3209 inducit
1416 3149 1419 3156 ’

234 3246 418 3308 denuntiandi
432 3251 630 3309 necessitatem
646 3259 665 3285 ‘⁴
675 3252 741 3322 quia
755 3251 820 3308 licet
834 3251 902 3308 tales
917 3259 995 3308 actus
1010 3251 1066 3307 sint
1079 3268 1115 3306 ex
1129 3268 1161 3307 se
1174 3250 1253 3307 leves
1264 3268 1272 3318 ;
1284 3267 1322 3308 ex

236 3348 445 3406 circumstantia
459 3358 551 3407 tamen
565 3351 744 3419 sacramenti,
756 3368 820 3407 cum
832 3368 888 3422 qua
901 3360 966 3407 sunt
976 3349 1131 3426 conjuncti,
1146 3358 1212 3407 sunt
1223 3367 1323 3426 graves

234 3456 262 3505 et
274 3447 442 3507 mortales.'’
484 3448 528 3506 Ita
540 3449 626 3508 Felix
641 3442 765 3507 Potest⁴
798 3447 942 3506 Caeterum
963 3467 1066 3524 pravus
1087 3448 1197 3505 animus
1211 3449 1323 3507 coufes-

233 3547 300 3606 sarii
314 3567 401 3622 quem
423 3549 564 3626 poenitens
579 3549 749 3625 suspicatur,
764 3567 821 3606 non
845 3558 888 3605 est
901 3549 972 3606 ratio
992 3546 1186 3616 denuntiandI,
1202 3549 1226 3606 si
1241 3566 1322 3616 voce,

232 3647 278 3705 vel
290 3662 372 3725 gestu
395 3667 454 3707 non
467 3648 548 3706 detur
561 3658 669 3708 certum
684 3648 746 3724 ejus
770 3644 926 3707 indicium:
942 3667 1008 3706 nam
1023 3660 1100 3706 actus
1121 3657 1255 3708 externus
1273 3649 1324 3722 qui

234 3748 359 3805 mortalis
374 3748 419 3816 sit,
431 3749 586 3820 requiritur
607 3746 641 3803 ad
655 3755 764 3804 tantum
778 3765 851 3805 onus
865 3748 1068 3806 inducendum.
1111 3749 1143 3807 Si
1158 3749 1186 3807 in
1209 3751 1325 3807 interro·
1391 3739 1395 3742 ’

235 3844 406 3920 gationibus,
429 3847 474 3904 vel
506 3847 586 3916 alias,
610 3843 679 3918 quid
708 3845 815 3903 dicatur
840 3848 962 3922 ambigui
996 3865 1108 3914 sensus,
1131 3849 1325 3923 interpretatio

235 3941 358 4018 benIgna
371 3951 414 4000 est
427 3943 528 4013 danda,
543 3945 700 4022 presertim
714 3945 739 4002 si
752 3944 885 4004 sacerdos
900 3947 1027 4019 alioquin
1047 3946 1153 4021 probus
1177 3945 1323 4004 videatur:

237 4058 320 4098 secus
334 4042 359 4099 si
370 4058 463 4098 mores
477 4045 538 4120 ejus
547 4053 575 4101 et
587 4045 656 4103 ratio
664 4042 974 4120 agendi'vehementem
985 4043 1323 4121 injiciantsnspicionem.

275 4144 345 4200 237.
376 4139 409 4197 In
435 4151 497 4198 actu
517 4143 728 4201 sacramentalis
752 4142 940 4201 consessionis
963 4143 1120 4200 sollcitasse
1143 4140 1254 4208 dicitur,
1276 4145 1325 4216 qui

335 4379 378 4445 (l)
399 4378 425 4428 8.
438 4379 512 4445 Alph.
524 4381 540 4430 l.
551 4381 582 4430 ri.
594 4398 618 4432 n.
631 4385 689 4432 693.
877 4383 919 4447 (2)
939 4380 1038 4441 Ibidem,
1049 4396 1074 4429 n.
1087 4382 1144 4430 688.

339 4467 383 4533 (3)
402 4465 502 4528 Ibidem,
513 4481 538 4516 n.
550 4469 608 4517 685.
876 4468 918 4534 (4)
938 4466 1010 4516 Tom.
1022 4467 1151 4532 inperiti.
1164 4483 1185 4519 c.
1197 4468 1229 4518 ie.
