3124 5168
740 559 886 621 INDEX.

486 794 702 846 TRAOTATUS
719 795 883 847 xxm-Dr:
902 793 1140 851 ΜΑΤΒΙΜΟΝΙΟ.

237 921 300 988 ὀ.
368 941 386 989 1.
421 939 459 991 oe
470 943 630 1006 sponsantes.

177 1005 183 1024 ⁸
448 1029 471 1086 ξ.
482 1025 502 1074 Ι.
522 1026 583 1086 Qun
595 1027 645 1076 sint
651 1022 774 1091 'sponsalia
790 1056 1241 1070 ·····
1308 1033 1357 1080 283

438 1117 460 1171 ς.
472 1113 503 1163 ΙΙ.
521 1112 559 1162 De
572 1114 721 1176 sponsalium
733 1115 851 1164 salutione
902 1144 912 1155 ·
1012 1145 1021 1156 -
1121 1145 1130 1156 -
1232 1122 1243 1154 -“
1308 1118 1357 1165 299

270 1196 299 1245 G.
356 1197 387 1246 11.
423 1197 558 1246 Donatum
569 1199 722 1248 matrimonii.

447 1285 469 1340 ς.
479 1279 500 1329 Ι.
516 1281 554 1330 De
565 1297 687 1333 consensu
1307 1287 1357 1334 294

438 1372 461 1427 ς.
473 1367 505 1418 ΙΙ.
523 1369 561 1418 De
573 1370 750 1421 conditionibus
789 1399 799 1412 ·
901 1401 911 1410 ·
938 1406 943 1410 -
1010 1401 1020 1410 ·
1120 1399 1129 1412 ·
1229 1399 1239 1411 ·
1307 1374 1356 1422 297

426 1456 449 1512 ς.
460 1453 504 1505 ΠΙ.
522 1455 560 1504 De
571 1462 700 1519 parentum
708 1473 830 1508 consensu
896 1485 906 1496 ·
1008 1487 1018 1496 ·
1120 1493 1128 1503 -
1231 1485 1241 1496 ·
1308 1459 1357 1506 298

428 1543 451 1599 ς.
463 1539 507 1588 IV.
525 1539 563 1588 De
574 1541 674 1590 vinculo
1308 1544 1356 1590 299

439 1627 462 1682 ς.
477 1622 505 1670 V.
524 1621 562 1671 De
573 1623 647 1671 dubio
658 1630 782 1674 contractu
903 1653 913 1665 ·
1014 1654 1024 1664 ·
1123 1655 1133 1664 -
1233 1653 1242 1664 -
1310 1628 1358 1675 392

271 1708 301 1758 0.
347 1707 390 1758 ΠΙ.
425 1708 464 1757 De
475 1707 560 1757 officiis
572 1710 712 1773 conjugum.
1170 1739 1190 1760 ⁴

451 1796 473 1850 ς.
484 1792 504 1842 Ι.
521 1792 560 1841 De
572 1793 657 1842 officiis
668 1795 819 1854 generalibus
902 1823 911 1834 ·
1012 1825 1022 1834 -
1122 1825 1133 1835 ·
1232 1823 1241 1834 -
1310 1798 1358 1844 305

438 1881 460 1936 ς.
472 1877 502 1926 Π.
521 1875 559 1925 De
570 1892 617 1926 usu
629 1878 736 1943 conjugii
791 1906 1240 1926 -----
1309 1883 1358 1929 399

270 1962 300 2010 C.
346 1960 389 2010 ΙΙΙ.
425 1959 583 2009 Dedivortin

450 2048 472 2102 ς.
483 2044 503 2093 Ι.
521 2045 560 2093 Da
571 2046 662 2094 vinculi
674 2047 794 2096 solutione
903 2075 912 2086 ·
1012 2077 1021 2087 ·
1123 2077 1133 2086 -
1233 2077 1243 2088 ·
1309 2053 1359 2099 329

437 2133 459 2187 ς.
471 2128 503 2178 ΙΙ.
521 2129 560 2178 De
572 2129 634 2178 thori
646 2133 795 2194 separatione
903 2160 914 2174 ·
1013 2161 1023 2172 -
1123 2162 1133 2172 -
1232 2162 1242 2172 -
1308 2137 1358 2182 322

270 2215 299 2264 G.
357 2216 388 2265 V.
423 2215 461 2264 De
471 2216 650 2279 impedimentis
661 2219 815 2268 matrimonii.

451 2305 475 2360 §.
486 2300 505 2351 1.
523 2301 562 2350 De
573 2302 759 2367 impedientibus
787 2332 1240 2344 -----
1308 2310 1358 2356 327

437 2391 460 2447 ς.
471 2385 503 2436 11.
521 2387 559 2436 De
570 2388 749 2452 impedimentis
760 2389 929 2440 dirimentibus
1011 2418 1021 2428 -
1122 2419 1132 2429 -
1231 2418 1241 2428 -
1309 2394 1356 2440 331

270 2475 300 2523 0.
349 2473 390 2524 VI.
423 2471 462 2523 De
473 2473 699 2538 dispensationibus.

449 2563 471 2616 §.
483 2558 502 2608 1.
521 2559 630 2616 Quinam
637 2561 731 2622 possint
741 2559 878 2622 dispensare
902 2587 912 2596 -
1012 2592 1022 2601 -
1121 2589 1131 2599 -
1232 2590 1241 2600 -
1310 2564 1359 2612 363

437 2647 460 2701 ς.
471 2642 504 2691 ΙΙ.
520 2641 558 2690 De
570 2643 650 2690 valore
661 2643 869 2706 dispensationum
895 2671 905 2682 ·
1008 2673 1017 2684 ·
1119 2673 1128 2684 -
1229 2675 1240 2685 -
1308 2649 1357 2696 365

427 2729 449 2783 ς.
461 2723 504 2773 ΠΙ.
522 2724 560 2773 De
571 2724 790 2790 dispensationibus
801 2727 949 2791 exequendis
1009 2757 1019 2766 -
1118 2757 1128 2766 -
1230 2757 1239 2768 -
1307 2731 1355 2778 368
