3124 5168
239 515 293 612 'aa
541 549 599 608 ms
621 514 1051 610 slonannnmnmus,

290 721 340 776 58.
361 718 397 778 ln
416 718 676 778 Sacramentalibus
690 718 825 777 omnibus
846 716 1014 777 adhibendis
1035 714 1191 776 curandum
1205 733 1242 774 ne
1255 717 1339 778 rebus

250 819 340 878 nimia
352 819 488 878 tribuatur
499 818 555 886 vis,
569 818 615 877 vel
628 819 658 877 in
672 819 707 876 iis
722 817 827 876 fiducia
840 827 1001 894 reponatur,
1015 816 1156 895 neglectis
1175 817 1231 894 piis
1253 819 1340 878 animi

253 918 412 986 affectibus,
427 918 476 991 qui
490 919 634 996 praecipue
643 916 838 976 desiderantur
852 917 886 976 ad
899 937 934 977 ea
948 935 1012 976 cum
1027 917 1117 976 fructu
1132 914 1302 978 adhibenda.

293 1021 342 1077 59.
363 1017 410 1076 De
436 1018 615 1077 eaeremoniis
641 1017 737 1076 statuit
762 1017 915 1076 concilium
943 1016 1162 1075 Tridentinnm:
1192 1015 1254 1073 “Si
1273 1019 1339 1089 quis

252 1119 357 1179 dixerit
369 1126 499 1194 receptos
512 1126 541 1175 et
560 1117 728 1194 approbatos
748 1116 889 1175 Ecclesiae
904 1115 1061 1175 Catholicae
1081 1117 1151 1173 ritus
1166 1117 1196 1174 in
1216 1115 1340 1176 solemni

252 1226 493 1277 sacramentorum
513 1216 756 1275 administratione
779 1215 907 1275 adhiberi
932 1227 1095 1284 consuetos,
1112 1201 1165 1273 aut
1184 1216 1339 1287 contemni,

253 1327 300 1378 aut
313 1318 376 1376 sine
390 1324 510 1393 peccato
524 1335 540 1373 a
555 1317 694 1375 ministris
709 1335 761 1394 pro
774 1316 863 1375 lubito
877 1315 980 1384 omitti,
995 1316 1085 1375 autin
1097 1331 1188 1374 novos
1202 1315 1272 1374 alios
1291 1333 1343 1392 per

252 1434 462 1492 quemcumque
489 1413 631 1475 Ecclesiae
652 1427 794 1494 pastorem
813 1417 916 1475 mutari
942 1433 1048 1492 posse;
1082 1414 1232 1475 anathema
1257 1410 1341 1473 sit.”¹

250 1516 341 1594 Igitur
360 1516 450 1590 liquet
468 1528 618 1593 peccatum
638 1515 747 1575 admitti
760 1516 873 1590 quoties
890 1515 960 1574 ritus
973 1515 1015 1572 illi
1035 1524 1140 1574 temere
1161 1515 1337 1574 omittuntur.

218 1616 220 1621 ’
254 1614 394 1676 Sacerdos
420 1614 527 1674 idcirco
554 1624 663 1673 tenetur
687 1633 738 1674 eos
764 1624 894 1674 accurate
918 1614 1030 1674 discere
1056 1624 1084 1672 et
1108 1629 1260 1692 peragere:
1288 1633 1341 1672 nec

253 1723 405 1776 excusatus
425 1713 574 1773 habendus
588 1723 633 1772 est
645 1713 671 1771 si
684 1733 722 1773 ex
737 1715 826 1774 animi
838 1715 962 1782 levitate,
976 1715 1022 1773 vel
1038 1713 1208 1774 adstantium
1223 1714 1341 1792 pudore,

252 1818 302 1890 qui
325 1833 374 1873 eos
397 1813 491 1873 sorsan
517 1813 682 1880 irridebunt,
702 1815 749 1873 vel
775 1833 812 1872 ex
837 1812 1016 1872 festinatione
1039 1815 1127 1872 nimia
1143 1833 1195 1873 eos
1220 1815 1340 1873 omittat.

251 1915 397 1989 Equidem
408 1932 461 1991 pro
471 1915 541 1973 ritus
551 1924 649 1973 natura
659 1911 742 1990 culpa
750 1909 915 1972 aestimanda
928 1925 989 1980 est;
1010 1912 1073 1972 leve
1082 1915 1192 1992 qnippe
1204 1923 1247 1972 est
1258 1914 1343 1972 ritum

190 2053 192 2060 ι
251 2014 328 2074 haud
342 2016 439 2091 magni
452 2013 588 2072 momenti
602 2015 752 2096 omittere:
774 2013 826 2071 se'd
839 2032 926 2090 grave
940 2011 1012 2072 soret
1024 2023 1173 2090 peccatum
1188 2012 1341 2090 plerosque

252 2133 305 2192 pro
323 2113 413 2171 lubito
433 2112 587 2190 negligere,
601 2113 648 2170 vel
667 2112 707 2170 ita
727 2131 861 2190 peragere
882 2121 914 2170 ut
932 2113 1108 2171 adstantibus
1122 2114 1158 2172 sit
1176 2113 1341 2179 offensioni,

253 2221 393 2287 quatenus
414 2221 532 2270 censent
555 2231 621 2270 eum
647 2230 698 2270 eos
723 2213 805 2289 parvi
829 2213 933 2271 facere.
981 2211 1125 2289 Spernere
1150 2213 1343 2272 anctoritatem

252 2311 405 2381 Ecclesia,
420 2330 477 2385 qua
496 2313 724 2387 praescribuntur,
739 2321 784 2371 est
802 2330 917 2390 semper
936 2321 1086 2390 peccatum
1106 2313 1243 2373 mortale:
1265 2310 1342 2386 quod

251 2413 393 2472 hereticis
413 2412 443 2471 in
463 2429 542 2470 more
563 2420 624 2479 est;
646 2412 697 2471 sed
715 2430 773 2471 non
791 2414 888 2472 statim
907 2411 1084 2471 damnandus
1097 2422 1142 2471 est
1154 2414 1223 2472 tanti
1237 2411 1342 2479 delicti,

253 2513 303 2588 qui
316 2513 404 2573 nimis
415 2530 467 2570 suc
476 2511 586 2589 judicio
599 2511 686 2572 fretus
699 2513 824 2587 aliquem
834 2513 918 2571 ritum
931 2511 1122 2588 reprehendit,
1135 2530 1222 2585 quem
1232 2512 1289 2590 legi
1297 2509 1345 2568 vel

252 2611 449 2672 consuetudini
462 2610 623 2683 obsequens
636 2621 738 2670 servat.
781 2611 846 2669 Hac
859 2610 967 2668 ratione
982 2609 1169 2687 mitigandam
1191 2629 1344 2670 censemus

254 2711 424 2770 sententiam
444 2710 568 2768 Antoine
582 2711 632 2783 qui
645 2709 729 2769 dicit:
753 2709 818 2768 “Si
831 2711 895 2768 sine
908 2708 1077 2767 necessitate
1094 2717 1213 2784 urgente
1234 2709 1346 2782 aliquid

253 2810 401 2877 omittitur,
411 2809 580 2868 estmortale
589 2809 618 2868 in
627 2795 658 2868 re
669 2811 757 2888 gravi,
766 2818 794 2868 et
802 2808 913 2868 veniale
922 2807 1026 2867 inlevi.
1061 2807 1116 2867 Est
1125 2817 1220 2867 tammr
1229 2824 1345 2886 semper

252 2910 371 2970 mortale
381 2908 426 2967 vel
437 2909 584 2982 minimam
596 2909 793 2969 ceremoniam
806 2909 936 2969 omittere
950 2926 987 2966 ex
1000 2917 1176 2986 contemptu,
1186 2908 1345 2987 judicando

251 3011 329 3071 illam
338 3029 408 3096 *esse
423 3008 468 3067 vel
482 3011 607 3078 inanem,
621 3010 667 3068 vel
680 3010 816 3089 ineptam,
826 3020 874 3068 aut
886 3007 995 3084 aliquid
1009 3009 1112 3078 simile,
1128 3009 1195 3082 quia
1205 3009 1299 3087 gravis
1309 3009 1341 3066 fit

239 3099 356 3190 ¹injuria
368 3110 519 3177 Ecclesiae,
534 3121 562 3169 et
573 3110 694 3188 Spiritui
708 3111 814 3168 Sancto
828 3129 844 3168 a
857 3128 915 3182 quo
928 3100 1086 3186 regitur.”²

292 3216 341 3270 60.
362 3211 473 3268 Idioma
500 3210 633 3268 Latinum
653 3228 710 3281 quo
732 3210 804 3268 ritus
823 3209 897 3266 sacri
921 3208 993 3266 fiunt
1011 3225 1063 3284 per
1082 3207 1234 3285 plerasque
1255 3207 1340 3266 Orbis

252 3311 362 3388 plagas,
388 3309 531 3384 imprimis
551 3307 728 3368 retinendum
749 3317 868 3376 constat,
895 3327 962 3367 nam
996 3307 1172 3386 gravissimis
1192 3327 1229 3366 ex
1250 3308 1343 3365 causis

252 3416 420 3486 usurpatum
432 3417 484 3476 est,
499 3420 527 3467 et
538 3418 649 3468 vetusta
662 3409 760 3468 nititur
775 3407 991 3468 consuetudine.
1033 3407 1118 3475 Quod
1129 3408 1214 3485 igitur
1225 3407 1342 3479 aliquis,

253 3511 370 3587 proprio
382 3508 469 3566 veluti
483 3519 581 3577 marte,
595 3510 714 3585 Anglice
725 3507 849 3584 proferat
862 3525 925 3579 quae
939 3507 1040 3566 Latine
1055 3513 1265 3566 consueverunt
1275 3503 1343 3575 dici,

254 3608 347 3686 gravis
365 3617 410 3664 est
428 3605 522 3683 culpa,
537 3607 562 3664 si
582 3608 652 3664 ritus
669 3614 755 3672 totus,
776 3605 823 3662 vel
836 3623 938 3682 magna
960 3605 1022 3682 ejus
1045 3624 1122 3682 pars,
1144 3606 1185 3664 sic
1211 3613 1344 3666 mutetur.

254 3704 500 3765 Consuetudinem
512 3705 616 3765 alicubi
624 3705 654 3762 in
665 3703 808 3763 soederatis
822 3704 948 3763 Statibus
958 3704 1027 3764 olim
1039 3704 1183 3765 inductam
1195 3706 1345 3782 plerasque

253 3805 387 3883 baptismi
411 3805 458 3863 vel
490 3805 662 3864 matrimonii
687 3822 788 3882 preces
813 3802 935 3882 Anglice
960 3804 1106 3873 recitandi,
1133 3804 1341 3864 emendandam

244 3907 340 3987 .jussit
352 3903 503 3964 concilium
515 3905 724 3964 Baltimorense
735 3903 759 3962 l.
771 3903 922 3982 indulgens
933 3911 1028 3962 tamen
1038 3913 1069 3964 nt
1078 3905 1200 3964 recitatis
1209 3905 1342 3982 precibus

253 4009 366 4075 Latine,
381 4004 504 4084 Anglica
522 4006 616 4064 versio
636 4005 864 4083 subjungeretur,
879 4004 991 4078 quoties
1005 4003 1142 4082 expedire
1156 4003 1301 4064 videretur
1314 4004 1344 4062 in

251 4108 422 4168 adstantium
441 4105 668 4166 instructionem.
709 4104 804 4165 Venia
816 4105 869 4164 hac
883 4105 925 4164 uti
942 4105 1020 4173 licet,
1035 4105 1087 4163 sed
1107 4123 1192 4183 parce
1207 4115 1236 4164 et
1248 4114 1340 4172 caute,

251 4227 287 4266 ne
313 4211 421 4268 sensim
448 4209 510 4267 sine
535 4224 631 4274 sensu,
659 4205 747 4265 veluti
768 4223 833 4287 pars
854 4205 923 4264 ritus
946 4206 1106 4264 necessaria
1128 4203 1273 4273 habeatur,
1296 4203 1342 4262 vel

252 4307 360 4366 Latinae
375 4327 474 4385 preces
488 4309 662 4367 omittantur.
1052 4289 1053 4293 ἵ

523 4464 565 4529 (l)
586 4461 651 4510 Sess.
661 4460 703 4510 rii.
715 4476 769 4511 can.
777 4458 829 4510 xiii.
841 4459 872 4509 de
883 4459 1053 4512 Sacramentis.

524 4549 566 4614 (2)
586 4547 624 4596 De
637 4547 692 4597 Sec.
703 4564 724 4601 n
734 4547 759 4598 ii.
771 4563 811 4612 qn.
822 4547 856 4596 ir.
