3108 5162
408 527 465 588 DE
486 525 804 587 lMPEDlMENTlS
825 524 1099 587 MATRIMONII.
1239 532 1295 588 341

207 693 388 760 contraxerit,
406 693 501 752 sciens
524 693 603 770 prius
627 692 781 760 vinculum,
804 700 833 752 et
851 701 933 750 antea
954 691 1001 750 vel
1021 691 1155 769 deinceps
1177 693 1293 752 coierit:

207 791 283 865 qnod
296 793 322 849 si
336 792 466 850 alteruter
478 791 614 867 deceptus
628 791 674 858 sit,
689 809 742 849 nec
756 801 822 868 post
842 799 945 850 certam
960 790 1090 850 notitiam
1110 792 1213 868 prioris
1227 811 1295 851 con·

204 890 290 968 jugii,
305 891 412 956 coierit,
433 908 491 948 non
509 889 630 947 obstabit
649 889 723 946 mala
742 889 855 948 alterius
875 887 956 956 fides,
973 890 1041 963 quin
1061 891 1181 967 conjuge
1202 892 1296 967 priore

207 998 317 1046 mortua
335 988 470 1066 legitimos
490 988 668 1047 celebrentur
687 987 827 1046 intereas
848 989 954 1064 nuptia
966 982 990 1044 :¹
1004 1006 1088 1046 secus
1103 990 1128 1046 si
1149 997 1214 1066 post
1233 1007 1296 1048 earn

207 1087 336 1146 notitiam
351 1105 415 1145 cum
427 1105 462 1144 eo
476 1079 680 1144 consueverit!

249 1189 316 1244 161.
338 1184 516 1245 Adulterium
531 1185 636 1257 absque
650 1183 844 1260 promissione
864 1183 1038 1242 matrimonii
1058 1183 1177 1261 impedit
1190 1203 1225 1244 ne
1239 1203 1297 1243 rna·

209 1282 373 1342 trimouium
388 1281 523 1360 deinceps
537 1283 655 1350 ineatur,
667 1282 693 1340 si
706 1283 847 1350 alteruter,
863 1283 947 1339 etiam
961 1282 1049 1340 altero
1063 1283 1219 1358 ignorante,
1234 1293 1298 1360 post

210 1379 380 1439 adulterium
400 1380 505 1440 cadem
530 1382 660 1457 conjugis
681 1389 772 1457 patret
791 1381 887 1438 animo
907 1379 1062 1438 adulteram
1082 1376 1229 1447 ducendi‚³
1249 1399 1300 1457 per

211 1478 317 1536 iudicia
337 1478 415 1537 alteri
441 1478 630 1536 manifestato.
684 1476 864 1536 Adulterium
890 1486 984 1535 autem
1010 1497 1068 1536 non
1093 1487 1224 1537 censetur
1243 1479 1298 1536 nisi

210 1577 330 1634 seminis
350 1575 490 1635 effusione
511 1576 583 1633 intra
595 1595 645 1632 vas
659 1575 725 1633 lacti
740 1576 798 1634 sint
809 1595 865 1635 una
879 1594 963 1633 caro:
985 1576 1044 1634 imo
1057 1577 1171 1635 feminae
1185 1577 1260 1635 sicut
1271 1587 1298 1636 et

210 1676 297 1734 maris
317 1675 478 1742 seminatio,
489 1675 573 1751 juxta
592 1673 744 1732 nonnullos
762 1669 949 1747 requiritur:⁴
974 1673 1003 1730 in
1024 1675 1115 1750 poenis
1136 1675 1245 1732 scilicet
1257 1675 1299 1734 in·
1371 1741 1374 1746 ¹

211 1775 375 1849 terpretatio
394 1773 490 1830 stricta
502 1773 544 1830 tit.
586 1772 671 1830 Ratio
686 1791 742 1846 qua
755 1774 851 1830 nititur
863 1773 910 1830 lex
923 1771 1158 1848 impedimentum
1171 1782 1297 1832 statuens

210 1881 303 1930 estne
317 1872 448 1948 conjugis
462 1869 662 1929 interficiendae
676 1869 757 1928 detur
770 1871 892 1938 occasio,
906 1881 1078 1948 quapropter
1087 1870 1255 1930 adulterium
1270 1881 1298 1929 et

207 1971 362 2046 promissio
384 1970 437 2028 sub
461 1969 562 2026 eodem
586 1969 766 2027 matrimonio
788 1969 874 2028 simul
893 1987 1060 2027 concurrere
1080 1968 1203 2027 debent:
1226 1971 1298 2027 etsi

206 2069 354 2127 omninoa
374 2085 405 2124 se
426 2068 550 2126 invicem
571 2069 766 2146 sejungantur,
780 2068 1015 2145 impedimentum
1036 2086 1094 2125 non
1115 2065 1203 2126 adest.
1246 2067 1295 2124 Sic

208 2167 257 2238 qui
270 2167 373 2246 polluit
390 2165 525 2225 feminam
540 2184 630 2224 uxore
644 2168 767 2235 vivente,
782 2185 838 2239 qua
851 2175 962 2226 mortua
975 2166 1058 2223 aliam
1079 2164 1169 2235 duxit,
1184 2165 1297 2242 pollutas

210 2273 315 2332 tamen,
336 2264 404 2322 dum
423 2263 549 2322 secunda
568 2267 685 2331 vireret,
704 2267 836 2341 promisit
855 2265 1077 2332 matrimonium,
1092 2265 1116 2320 si
1136 2283 1198 2322 earn
1219 2265 1298 2322 obire

208 2363 368 2439 contigerit,
383 2363 485 2438 poterit
497 2381 560 2420 eam
573 2373 639 2440 post
651 2362 783 2425 secunde
797 2362 929 2439 conjugis
950 2371 1070 2418 mortem
1083 2360 1197 2420 ducere.
1239 2363 1297 2428 Qui

210 2461 348 2537 promittit
372 2459 446 2518 scrib
473 2461 586 2520 lemine
606 2461 830 2528 matrimonium,
851 2460 972 2535 conjuge
998 2460 1121 2526 vivente,
1142 2469 1241 2534 peccat
1260 2459 1299 2517 le·

208 2557 328 2627 thaliter,
344 2559 411 2632 quia
424 2577 486 2618 eam
502 2577 589 2631 seque
603 2559 720 2635 conjicit
733 2560 762 2616 in
782 2559 947 2634 proximum
965 2553 1104 2632 peccandi
1124 2556 1295 2616 discrimen:

209 2655 259 2715 sed
273 2676 330 2715 non
344 2658 485 2716 contrahit
497 2657 742 2733 impedimentum,
756 2657 781 2713 si
794 2655 896 2732 copula
909 2673 967 2712 non
981 2655 1179 2712 intercesserit.

250 2760 318 2814 162.
338 2753 517 2834 Disperitcs
538 2754 636 2813 cultus
657 2755 893 2831 impedimentum
914 2760 957 2810 est
977 2751 1054 2826 quod
1067 2752 1139 2812 inter
1152 2753 1299 2814 hominem

209 2854 381 2929 baptizatum
396 2864 425 2910 et
437 2873 495 2913 non
508 2854 682 2929 baptizatum
695 2853 860 2920 intercedit,
881 2852 981 2926 nequit
993 2852 1071 2909 enim
1086 2853 1298 2910 matrimonium

210 2952 282 3010 inter
295 2968 344 3008 eos
358 2951 523 3018 consistere,
538 2950 595 3008 nisi
608 2951 752 3020 Ecclesia,
767 2970 830 3024 quae
844 2951 913 3009 illud
926 2951 1022 3017 vetuit,
1033 2952 1146 3009 veniam
1157 2950 1300 3029 indulgeat

210 3048 404 3110 contrahendi.
446 3050 491 3108 Ab
510 3048 592 3107 initio
612 3049 698 3108 vetita
719 3058 785 3107 sunt
803 3048 969 3127 hujusmodi
989 3049 1122 3124 conjugia
1136 3051 1172 3106 ob
1186 3067 1299 3125 perver-

210 3147 300 3206 sionis
321 3147 488 3224 periculum,
509 3148 620 3206 dicente
640 3149 798 3226 Apostolo:
829 3148 958 3207 “Nolite
976 3147 1081 3224 jugum
1106 3147 1210 3205 ducere
1233 3166 1299 3206 cum

210 3245 318 3304 infideli
327 3237 375 3302 :’'⁵
387 3246 438 3304 sed
446 3248 522 3306 irrita
529 3265 587 3306 non
596 3256 663 3305 sunt
676 3247 782 3314 habita,
792 3265 879 3320 quum
893 3265 951 3304 non
964 3255 1027 3303 ante
1038 3256 1153 3303 sextum
1162 3245 1299 3303 saeculnm

206 3345 257 3421 jus
272 3362 329 3417 qno
343 3343 372 3402 id
385 3346 513 3403 statuitur
526 3345 731 3404 consuetudine
745 3346 891 3404 inductum
912 3353 940 3402 et
962 3352 1107 3420 receptum
1121 3345 1166 3402 sit.
1209 3344 1300 3415 Equi·

209 3442 275 3501 dem
288 3452 353 3502 ante
367 3443 501 3503 diffusam
515 3445 621 3518 ubique
641 3444 808 3522 religionem
829 3443 1012 3502 christianam
1025 3438 1158 3514 frequens
1172 3440 1299 3500 fidelium

209 3559 274 3600 cum
309 3542 471 3601 infidelibus
504 3543 685 3602 necessitudo
712 3544 853 3621 conjugiis
884 3538 1049 3618 hujusmodi
1077 3540 1190 3598 facilem
1219 3540 1302 3600 dabat

209 3642 400 3710 occasionem,
416 3651 589 3719 quapropter
609 3639 680 3699 adeo
700 3641 905 3702 cousuetudine
919 3639 1096 3698 invaluerant
1106 3650 1138 3698 ut
1151 3641 1205 3717 piae
1219 3641 1301 3698 muli-

210 3757 272 3798 eres
297 3741 430 3818 religioni
450 3741 499 3800 vix
527 3739 663 3799 ducerent
688 3740 810 3800 ethnicis
830 3742 953 3799 nubere:
977 3739 1052 3813 quod
1079 3738 1113 3797 de
1140 3749 1227 3798 matre
1251 3759 1302 3798 sua

211 3837 339 3905 Monica,
354 3857 417 3912 que
431 3840 557 3898 Patricio
570 3839 678 3900 infideli
692 3841 798 3917 nupsit,
810 3841 896 3898 refert
904 3830 1109 3916 Augustinus.⁶
1128 3839 1174 3897 Ea
1187 3839 1301 3896 estsere

210 3952 306 3993 rerum
320 3936 393 4012 apud
407 3956 459 3996 nos
473 3937 610 4005 conditio,
632 3957 720 4012 quum
733 3939 905 4015 baptismum
920 3938 1051 4014 plerique
1066 3935 1226 4012 negligant:
1250 3934 1302 3992 sed

245 4119 288 4183 (1)
308 4117 370 4181 Gap.
380 4118 497 4179 Veniens,
509 4119 538 4170 ds
552 4135 579 4170 eo
588 4121 634 4188 qui
645 4121 728 4173 ducit.

246 4203 289 4268 (2)
310 4201 372 4251 Vide
384 4203 414 4251 C.
426 4202 579 4264 Significavit
591 4209 614 4254 2.
626 4205 656 4254 G.
670 4204 810 4255 litterarum
821 4205 837 4252 4
849 4219 906 4252 cum
922 4202 1019 4259 habent,
1037 4202 1061 4250 5.
1079 4204 1103 4248 st
1123 4197 1153 4247 0.
1171 4199 1199 4248 Si
1214 4200 1269 4263 quis
1287 4205 1302 4248 8

208 4289 247 4342 De
258 4301 286 4338 co
294 4287 340 4354 qui
352 4288 430 4340 clusit
442 4289 471 4339 in
479 4295 541 4342 mut.

245 4373 288 4439 (3)
307 4375 367 4436 Cep.
380 4372 459 4437 Super
469 4374 524 4435 hoc,
536 4373 586 4429 eod·
599 4375 639 4428 tit.
843 4374 886 4438 (4)
906 4371 932 4420 S.
944 4369 1019 4433 Alpb.
1031 4368 1063 4418 vi.
1073 4385 1097 4417 n.
1112 4371 1184 4420 1036.

246 4456 289 4524 (5)
309 4459 325 4506 2
338 4455 394 4507 Cor.
403 4455 435 4508 ri.
450 4459 488 4507 14.
844 4457 886 4521 (6)
907 4452 1160 4506 Contentionis.

727 4539 765 4596 30
776 4534 792 4568 ¹*
