3108 5162
255 545 315 602 330
452 536 510 600 DE
530 533 849 596 IMPEDlMENTIS
870 533 1147 594 MATRIMONII.

259 705 350 768 monii
376 705 466 783 ipsius
491 696 726 764 consummatio.²
766 701 982 762 Benedictionis
1007 701 1246 774 solemnisque
1268 699 1375 776 juxta

260 805 421 884 generalem
446 814 475 864 et
500 805 644 877 antiquam
672 803 811 862 Ecclesiae
831 801 1079 868 consuetudinem,
1101 819 1188 874 quam
1209 803 1371 858 memorat

263 904 471 974 Tertullianus,
485 905 582 981 expeti
592 897 702 972 debet,²
713 901 833 962 omissio
847 901 973 960 absoluta
986 920 1045 960 non
1057 908 1209 960 excusatur
1223 899 1335 956 saltem
1353 914 1372 950 a

262 1003 379 1072 veniali,
401 1005 442 1062 uti
462 1021 563 1064 omnes
583 1001 774 1068 consentiunt,
795 1009 912 1061 testante
927 1001 960 1058 S.
980 991 1167 1080 Alpbons02³
1196 997 1275 1075 apud
1305 1013 1368 1052 nos

264 1113 359 1164 tannen
382 1104 431 1162 rix
451 1120 575 1176 unquam
595 1101 686 1169 datur,
701 1099 822 1172 ideoque
842 1099 1047 1158 consuetudine
1068 1101 1181 1176 vigente
1202 1096 1366 1160 contraria,

263 1223 323 1265 non
343 1202 433 1261 auden
453 1201 585 1260 damnare
605 1199 714 1277 peccati
734 1199 819 1257 stiam
838 1199 956 1258 venialis
977 1200 1173 1265 omissionem,
1197 1195 1365 1275 praescrtim

265 1319 353 1378 quum
375 1301 404 1358 N
408 1298 515 1358 icnlaus
529 1299 553 1358 1.
568 1297 603 1356 de
616 1299 716 1358 ritibus
736 1297 907 1356 matrimonii
921 1300 994 1356 inter
1013 1308 1113 1357 cetera
1126 1298 1221 1356 dicat:
1244 1293 1366 1352 “ambo

266 1401 301 1460 ad
326 1399 464 1476 nuptialia
483 1399 589 1458 soedera
608 1398 808 1476 perducuntur,
830 1407 858 1454 et
883 1398 1005 1474 primum
1032 1396 1148 1470 quidem
1169 1397 1198 1454 in
1221 1392 1363 1452 Ecclesia

152 1487 158 1496 ⁹
266 1498 386 1559 Domini
405 1517 471 1558 cum
492 1498 692 1564 oblationibus,
707 1515 778 1570 quas
799 1494 901 1554 offerre
921 1496 1026 1554 debant
1045 1496 1109 1556 Deo
1128 1514 1180 1573 per
1200 1492 1363 1552 sacerdotis

268 1615 394 1667 manum,
409 1607 584 1666 statuuntnr;
600 1599 681 1670 sique
692 1596 805 1656 demum
816 1595 1054 1663 benedictionem,
1066 1604 1092 1654 et
1102 1595 1230 1654 velamen
1240 1592 1363 1650 coeleste

267 1696 436 1773 suscipiunt.
453 1739 460 1755 .
477 1739 484 1754 .
501 1738 508 1754 .
523 1697 675 1756 Peccatum
703 1705 795 1754 autem
823 1713 898 1763 esse,
926 1697 951 1754 si
977 1695 1039 1754 baec
1065 1703 1166 1753 cuncta
1184 1695 1215 1752 in
1235 1689 1362 1769 nuptiali

268 1795 374 1856 soedere
394 1815 452 1856 non
472 1797 667 1864 interveniant,
682 1813 740 1853 non
760 1786 932 1854 dicimus.”⁴
971 1794 1046 1853 Ante
1065 1793 1294 1852 benedictionem
1311 1808 1362 1847 ac·

268 1905 379 1974 ceptam
394 1897 507 1974 nuptias
518 1913 715 1954 consummare
729 1889 859 1952 nonnulli
871 1892 1003 1952 dicebant
1014 1903 1160 1970 peceatum
1175 1909 1238 1950 esse
1251 1908 1359 1968 graves

271 1997 367 2074 plures
381 1996 508 2063 veniale3
530 1996 657 2072 plerique
666 1995 728 2071 jam
743 1993 853 2052 nullum
867 2011 931 2051 esse
944 1993 1057 2052 docent.

313 2100 379 2153 133.
405 2093 566 2172 Sponsolio
580 2112 643 2152 cum
659 2093 713 2151 alia
726 2101 877 2159 contracta,
892 2111 954 2164 que
965 2093 1057 2151 solnta
1069 2109 1127 2150 non
1139 2091 1254 2156 fuerim,
1269 2090 1361 2164 impe·

270 2191 351 2250 diunt
364 2191 591 2260 matrimonium
613 2209 667 2248 nec
685 2191 762 2250 enim
782 2190 849 2248 licet
867 2189 976 2250 tradere
993 2209 1054 2250 rem
1068 2189 1146 2248 alteri
1161 2191 1222 2268 jam
1236 2188 1361 2265 promis·

272 2286 360 2348 sam!
399 2291 531 2350 Attamen
551 2290 576 2348 si
599 2309 657 2350 non
677 2291 714 2349 sit
732 2290 817 2368 copia
836 2308 950 2367 sponsae
964 2308 1135 2350 consensum
1150 2287 1312 2365 expetendi,
1325 2295 1360 2342 nt

270 2391 415 2449 solvantur
428 2391 590 2468 sponsalia;
612 2391 657 2450 vel
671 2393 695 2450 si
717 2398 860 2464 nequeant
871 2389 995 2466 impleri,
1008 2389 1108 2449 licebit
1120 2387 1155 2445 ad
1167 2388 1278 2464 nuptias
1293 2404 1357 2462 pro·

271 2488 350 2567 gredi
363 2490 529 2549 confessarii
543 2491 666 2558 arbitrio,
681 2491 836 2568 presertim
858 2489 882 2546 si
896 2491 1000 2566 injuria
1012 2489 1067 2546 hac
1080 2487 1187 2546 ratione
1201 2484 1357 2562 reparanda

240 2607 244 2616 ’
271 2591 317 2647 sit.
359 2588 436 2648 Rard
450 2589 556 2648 idcirco
569 2589 653 2648 debet
666 2589 806 2667 parochus
819 2587 958 2665 impedire
972 2588 1085 2666 nuptias
1097 2587 1135 2645 ob
1149 2586 1355 2663 promissiones

270 2688 330 2764 jam
345 2687 455 2764 pridem
468 2688 565 2755 factas,
587 2706 650 2760 que
663 2689 709 2762 rel
721 2689 750 2744 vi
763 2687 939 2764 sponsalium
952 2695 1057 2756 carent,
1072 2687 1118 2746 rel
1132 2703 1273 2744 consensu
1286 2703 1356 2757 quo·

271 2785 338 2842 dam
352 2787 436 2844 tacito
450 2786 574 2862 remissa
588 2787 684 2868 baberi
699 2796 829 2860 possunt.

312 2885 379 2940 134.
408 2882 515 2941 Votum
527 2883 651 2960 simplex
665 2885 799 2942 castitatis
810 2885 902 2944 obstat
913 2905 950 2945 ne
963 2887 1047 2946 liceat
1056 2883 1222 2945 contrahere
1235 2881 1356 2960 nuptias,

270 2999 327 3040 non
342 2989 438 3042 tamen
451 2982 559 3042 dirimit
571 2978 752 3043 contractas.⁶
770 2985 851 3045 Idem
862 2985 898 3044 de
909 2995 976 3046 voto
985 2986 1152 3064 religionem
1168 2980 1356 3061 ingrediendi,

272 3082 317 3142 vel
338 3081 452 3144 ordines
473 3102 570 3144 sacros
590 3083 777 3161 suscipiendi,
797 3085 842 3144 vel
864 3104 922 3144 non
943 3085 1079 3154 nubendi,
1087 3075 1139 3143 'vel
1151 3083 1187 3142 de
1196 3085 1358 3162 juramento

270 3184 348 3256 quod
370 3184 406 3243 de
426 3185 509 3244 rebus
529 3184 693 3262 hujusmodi
714 3185 861 3254 emittitur,
875 3185 973 3244 dieunt
986 3194 1131 3244 auctores:
1154 3192 1211 3242 “et
1223 3201 1307 3240 nemo
1321 3179 1358 3237 de

272 3283 327 3342 hoc
340 3283 479 3354 dubitat‚’'
494 3293 563 3342 teste
578 3279 762 3342 Sanchesio.⁷
801 3285 907 3344 Arcto
920 3285 1055 3344 castitatis
1068 3293 1132 3343 ante
1146 3282 1356 3342 matrimonium

271 3384 378 3444 emisso
392 3393 487 3462 potest
499 3385 663 3461 epiecopus,
680 3385 764 3462 juxta
783 3384 945 3461 plerosque,
966 3384 1142 3461 dispensare,
1158 3389 1187 3441 et
1201 3384 1251 3460 jus
1265 3381 1357 3438 faeere

271 3482 386 3558 petendi
399 3483 500 3544 debiti:
523 3485 597 3543 sicut
618 3494 647 3544 et
666 3468 700 3543 ab
719 3483 821 3544 eodem
842 3495 908 3544 voto
928 3483 1033 3542 emisso
1047 3493 1113 3561 post
1125 3489 1353 3542 consummatum

235 3606 241 3610 ·
269 3582 499 3642 matrimonium:
521 3603 578 3642 non
599 3594 692 3642 autem
708 3605 724 3640 a
738 3593 804 3642 voto
823 3585 929 3644 emisso
944 3604 960 3642 a
973 3583 1141 3661 conjugibus
1162 3602 1199 3641 ex
1212 3596 1356 3639 consensu

271 3683 379 3740 mutuo,
390 3678 470 3745 ¹quod
484 3679 570 3754 Papa
585 3690 753 3740 reservatur.
795 3681 938 3742 Caeterum
950 3683 1068 3761 speciali
1082 3682 1190 3742 indulto
1201 3677 1356 3739 Pontificio

121 3801 124 3811 ·
189 3765 204 3786 ²
269 3771 302 3830 fit
314 3771 457 3850 episcopis
478 3774 607 3833 Statuam
628 3777 825 3836 foederatorum
847 3780 965 3841 facultas
987 3781 1172 3861 dispensandi
1186 3800 1223 3841 ex
1237 3781 1357 3838 rationa-

270 3871 320 3932 bili
333 3889 417 3932 ceusa
430 3872 458 3930 in
474 3881 538 3932 voto
552 3875 686 3932 castitatis
699 3884 727 3933 et
741 3877 898 3954 religionis.

366 4062 429 4112 Vide
441 4061 565 4112 benedict.
577 4061 647 4114 XIV.
661 4061 739 4132 Notis.
750 4064 818 4116 lxxx.

369 4147 429 4197 Vide
441 4147 471 4196 G.
483 4147 617 4209 Nostrates,
629 4158 653 4200 et
664 4149 694 4199 Ο.
707 4149 818 4216 Sponsus
829 4157 853 4201 et
864 4152 968 4216 Sponsa,
980 4168 1004 4216 q.
1015 4169 1038 4200 v.

365 4231 395 4279 L.
407 4233 437 4280 vi.
449 4249 474 4281 n.
487 4235 536 4282 ess
548 4239 572 4282 et
583 4235 641 4283 ess.
670 4242 671 4248 ¹
911 4239 953 4303 (a)
974 4235 1003 4286 ο.
1017 4235 1152 4287 Nostram.

335 4318 346 4382 )
365 4316 395 4369 C·
408 4315 510 4366 Duobus
521 4317 606 4378 modis,
618 4319 694 4368 xxvii.
706 4335 746 4382 qu.
758 4319 782 4368 ii.
909 4323 951 4388 (6)
972 4321 1001 4372 G.
1014 4321 1115 4382 Rursus,
1133 4319 1184 4386 Qui
1196 4317 1295 4370 Clerici.

316 4401 344 4467 7)
364 4399 393 4448 1..
405 4400 445 4450 rii.
456 4402 517 4466 disp.
528 4403 561 4454 xi.
573 4402 603 4452 de
612 4403 704 4473 imped.
716 4409 789 4456 matr.
