3172 5172
254 573 310 630 138
600 563 657 626 DE
680 563 990 626 CON'I'RITIONE.

252 739 282 795 in
295 738 358 812 ipsa
377 733 532 802 voluntate,
547 733 595 806 qni
608 741 651 791 est
670 734 857 792 essentialiter
871 733 935 809 ipsa
954 731 1095 800 contritio,
1110 732 1159 805 qui
1172 733 1245 792 nihil
1265 733 1341 794 aliud

253 842 297 892 est
309 851 395 906 quam
415 831 593 910 displicentia
612 834 746 910 praeteriti
766 832 892 909 peccati:
914 841 942 890 et
955 832 1017 890 talis
1031 830 1113 890 dolor
1125 833 1155 890 in
1174 834 1342 893 contritione

253 932 367 992 excedit
379 949 479 990 omnes
500 932 571 990 alios
592 931 721 990 dolores:
744 933 811 1004 quia
832 941 968 1008 quantum
988 931 1095 1004 aliquid
1115 932 1218 1008 placet,
1235 941 1341 992 tanturn

253 1033 426 1092 contrarium
439 1032 502 1109 ejus
516 1030 663 1108 displicet:
684 1028 751 1088 finis
771 1039 865 1088 autem
885 1031 1002 1088 ultimus
1016 1048 1102 1107 super
1120 1033 1218 1090 omnia
1237 1033 1340 1108 placet,

254 1151 320 1191 cum
344 1131 441 1189 omnia
461 1139 576 1207 propter
596 1131 692 1206 ipsum
713 1129 923 1188 desiderentur:
944 1137 972 1186 ot
985 1128 1049 1187 ideo
1069 1139 1215 1205 peccatum
1235 1130 1343 1202 quoda

251 1232 309 1289 fine
328 1230 429 1288 ultimo
450 1231 559 1298 avertit,
574 1247 660 1305 super
679 1230 776 1287 omnia
795 1228 946 1304 displicere
966 1227 1059 1287 debet.
1100 1229 1183 1288 Alius
1196 1226 1276 1287 dolor
1296 1238 1341 1287 est

252 1333 282 1389 in
295 1338 374 1405 parte
387 1329 531 1396 sensitiva,
546 1332 595 1401 qui
609 1337 741 1386 causatur
753 1346 789 1385 ex
810 1329 903 1404 primo
923 1327 1038 1386 dolore:
1060 1328 1154 1386 velex
1175 1329 1340 1386 necessitate

252 1436 368 1496 naturae,
389 1427 544 1486 secundum
573 1426 650 1500 quod
672 1427 746 1485 vires
773 1427 921 1486 inferiores
944 1436 1102 1500 sequuntur
1126 1436 1235 1487 motum
1257 1445 1340 1504 supe·

142 1564 145 1568 -
251 1528 378 1586 riorum:
399 1527 446 1585 vel
458 1545 495 1585 ex
509 1527 657 1594 electione,
671 1526 827 1585 seeundum
849 1526 926 1598 quod
939 1526 1028 1584 homo
1049 1527 1189 1603 poenitens
1203 1528 1234 1585 in
1246 1527 1341 1604 seipso

255 1626 332 1685 hunc
345 1624 472 1685 dolorem
483 1626 596 1693 excitat,
607 1634 637 1683 ut
646 1623 680 1683 de
689 1626 812 1701 peccatis
822 1625 926 1684 doleat.
961 1625 1111 1684 Etneutro
1121 1626 1207 1686 modo
1221 1634 1340 1702 oportet,

256 1725 332 1797 qu‘od
343 1726 380 1784 sit
392 1725 535 1784 maximus
545 1723 641 1782 dolor:
665 1725 811 1797 quiavires
821 1725 970 1787 inferiores
981 1735 1131 1800 moventur
1145 1725 1340 1784 vehementius

257 1824 292 1881 ab
311 1824 432 1902 objectis
452 1824 585 1900 propriis,
600 1842 687 1896 quam
700 1841 737 1880 ex
750 1823 937 1883 redundantia
951 1824 1131 1900 superiorum
1147 1824 1258 1883 virium.
1301 1823 1341 1881 Et
1442 1897 1448 1904 .

256 1922 322 1982 ideo
345 1921 450 1997 quanto
473 1923 598 1999 operatio
621 1923 799 1998 superiorum
822 1924 925 1982 virium
946 1932 990 1980 est
1011 1923 1196 1999 propinquior
1221 1922 1340 1999 objectis

255 2023 432 2094 inferiorum,
455 2031 532 2081 tanto
552 2023 643 2099 magis
663 2032 820 2094 sequuntur
841 2042 940 2082 eorum
962 2030 1086 2080 motum:
1114 2031 1142 2079 et
1162 2020 1227 2080 ideo
1250 2021 1340 2098 major

255 2119 337 2179 dolor
349 2131 393 2179 est
405 2122 434 2179 in
448 2121 584 2178 sensitiva
598 2130 676 2197 parte
689 2140 726 2179 ex
739 2122 855 2180 laesione
875 2121 1011 2190 sensibili,
1026 2122 1162 2194 quamsit
1176 2121 1234 2189 ille,
1249 2120 1340 2193 quiin

253 2220 317 2296 ipsa
341 2219 480 2278 redundat
501 2239 538 2278 ex
559 2222 678 2280 ratione.
720 2221 761 2279 Et
785 2223 917 2280 similiter
942 2221 1042 2297 major,
1066 2221 1116 2293 qui
1141 2218 1281 2278 redundat
1302 2237 1339 2276 ex

253 2319 359 2377 ratione
377 2320 412 2378 de
433 2320 627 2397 corporalibus
648 2319 830 2390 deliberante,
845 2340 930 2395 quarn
951 2321 1000 2391 qui
1020 2318 1159 2378 redundat
1177 2338 1215 2377 ex
1234 2319 1341 2377 ratione

254 2412 451 2478 considerante
462 2421 627 2495 spiritualia.
655 2420 740 2479 Unde
751 2419 831 2479 dolor
841 2423 870 2480 in
881 2419 1017 2478 serasitiva
1030 2428 1107 2494 parte
1116 2436 1152 2477 ex
1163 2418 1341 2496 displicentia

253 2520 370 2578 rationis
392 2519 562 2596 proveniens
577 2519 612 2578 de
631 2529 758 2595 pecoato,
773 2529 887 2579 nonest
907 2519 996 2595 major
1010 2517 1092 2577 dolor
1104 2518 1167 2577 aliis
1187 2517 1341 2584 doloribus,

255 2619 306 2692 qui
315 2619 415 2694 inipso
425 2626 500 2676 sunt
523 2618 564 2674 Et
572 2619 701 2677 similiter
710 2637 764 2676 nec
778 2618 869 2688 dolor,
879 2619 928 2692 qui
938 2626 983 2675 est
991 2617 1147 2676 voluntarie
1158 2625 1340 2692 assumptus:

254 2725 314 2776 tum
328 2716 464 2798 quianon
478 2715 574 2774 obedit
587 2715 704 2775 affectus
724 2717 841 2777 inferior
854 2718 995 2795 superiori
1010 2716 1167 2784 adnutum,
1181 2724 1212 2774 ut
1226 2724 1301 2773 tanta
1314 2723 1343 2771 et

254 2815 318 2872 talis
339 2813 436 2889 passio
456 2822 588 2888 sequatur
601 2817 631 2873 in
651 2816 777 2875 inferiori
791 2818 927 2895 appetitu,
942 2817 1055 2889 qualem
1069 2815 1179 2875 ordinat
1192 2814 1336 2892 superior:

254 2921 315 2972 tum
327 2913 412 2972 etiam
426 2913 493 2987 quia
506 2915 656 2991 pastiones
674 2935 690 2972 s
708 2917 816 2976 ratione
831 2924 1013 2976 assumuntur
1032 2917 1062 2974 in
1083 2916 1189 2974 actibus
1208 2917 1343 2975 virtutum

253 3012 413 3074 secundum
434 3031 595 3072 mensuram
616 3015 768 3088 quandam,
783 3036 867 3090 quam
883 3015 1054 3089 quandoque
1067 3015 1149 3074 dolor
1162 3016 1212 3088 qui
1225 3023 1268 3072 est
1281 3013 1342 3070 sine

253 3114 364 3182 virtute,
376 3133 435 3172 nou
448 3125 551 3182 servat,
566 3115 616 3172 sed
630 3112 792 3174 excedit.”¹
833 3116 913 3175 Hinc
926 3115 1058 3174 contritio
1066 3114 1150 3173 debet
1160 3132 1223 3172 esse
1231 3130 1343 3170 summa

240 3211 459 3292 'appretiatine
473 3232 531 3272 non
544 3213 702 3284 intensive,
717 3217 758 3274 uti
777 3216 930 3288 loquuntur
943 3212 1049 3272 scholae
1063 3213 1204 3272 doctores.
1246 3211 1343 3270 Plorat

256 3319 344 3369 mater
364 3312 480 3371 infantis
500 3322 621 3372 mortem
642 3333 700 3392 prae
726 3325 845 3391 peccato
866 3314 1001 3382 admisso,
1023 3331 1086 3385 quae
1107 3323 1201 3373 tamen
1221 3310 1344 3370 noluerit

243 3410 398 3486 -peccando
412 3413 498 3471 vitam
512 3413 574 3490 ejus
588 3423 709 3472 servare,
752 3414 834 3492 Opus
855 3423 950 3472 tamen
964 3422 1087 3494 nonest,
1102 3431 1154 3470 nec
1174 3413 1340 3487 plerumque

253 3509 381 3586 expedit,
395 3511 535 3588 speciales
548 3501 674 3570 'eventus
695 3514 862 3590 ponderare,
881 3512 1067 3571 deliberantes
1087 3522 1179 3570 utmm
1199 3527 1340 3568 erumnas

255 3609 400 3682 graviores
411 3611 468 3684 pati
477 3611 682 3684 paratisimus,
697 3613 889 3688 potiusquam
901 3621 1051 3688 peccatum
1065 3610 1210 3668 admittere
1222 3602 1248 3666 ε2
1267 3617 1343 3666 tanta

254 3705 330 3762 enim
357 3715 400 3762 est
425 3725 519 3764 rerum
541 3725 644 3766 sensus
665 3710 848 3769 afficientium
874 3711 927 3780 vis,
946 3720 975 3769 et
999 3712 1103 3769 mentis
1129 3707 1289 3776 infirmitas,
1311 3717 1343 3765 ut

253 3803 410 3881 perieulum
422 3805 459 3862 sit
468 3823 625 3864 consensus
636 3808 666 3865 in
678 3817 835 3885 peccatum,
845 3829 880 3867 ne
887 3810 1044 3869 calamitate
1058 3811 1338 3886 aliquapremamur:

254 3922 339 3979 quern
360 3913 453 3966 tamen
473 3904 568 3964 forsan
589 3906 665 3965 haud
685 3919 895 3984 praestaremus,
916 3910 1006 3986 gratia
1026 3908 1114 3986 adjuti
1134 3907 1169 3966 ad
1189 3907 1343 3967 discrimen

148 4051 149 4055 ,
253 4005 407 4064 imminens
428 3997 639 4064 declinandum.
687 4009 756 4066 Non
782 4017 894 4084 oportet
918 4009 1036 4068 omnino
1063 4007 1136 4087 apud
1163 4026 1195 4066 se
1221 4016 1342 4066 statuere

256 4114 405 4181 peceatum
430 4125 488 4182 prae
509 4105 618 4164 inferno
639 4108 747 4186 sugere,
768 4126 835 4166 nam
855 4117 994 4184 repugnat
1011 4107 1106 4167 ordini
1126 4107 1229 4166 divinae
1249 4105 1342 4182 provi·

257 4202 378 4264 deutiae:
409 4205 535 4266 infernus
561 4207 638 4266 euim
658 4218 701 4266 est
720 4226 805 4286 poena
831 4208 951 4284 peccati,
976 4216 1004 4265 et
1023 4209 1147 4272 animam
1171 4210 1202 4266 in
1226 4213 1343 4284 peccato

454 4447 497 4511 (l)
517 4447 603 4511 Suppl.
615 4448 648 4497 iii.
659 4465 684 4513 p.
693 4465 734 4512 qu.
743 4449 776 4498 iii.
789 4455 832 4498 art.
843 4449 859 4498 i.
894 4448 971 4514 Reep.

453 4530 496 4594 (2)
521 4530 579 4579 Vide
589 4531 755 4582 Busembaunr
768 4533 832 4598 apud
844 4534 870 4581 S.
881 4533 955 4596 Alph.
967 4532 984 4581 l.
995 4531 1027 4581 vi.
1037 4549 1062 4582 n.
1074 4533 1135 4580 433.
