3108 5162
291 519 349 578 824
686 511 743 575 DE
765 511 982 573 DlVORTIO.

289 683 377 744 dum:
398 697 483 740 secus
496 681 521 738 si
535 699 572 740 ex
587 690 663 739 metu
678 681 864 740 consenserit.
906 679 997 738 Siris
1011 680 1087 740 illata
1106 680 1202 740 invitae
1216 683 1393 753 innotuerit,

289 781 382 862 pudor
395 779 539 851 animique
553 799 657 840 moeror
670 789 766 857 potest
778 787 870 838 tantus
883 795 948 838 esse
959 789 991 838 ut
1003 780 1157 840 divortium
1168 791 1269 842 mutuo
1281 784 1392 846 saltem

288 899 430 943 consensu
444 879 663 956 permittendum
683 880 729 938 sit.
772 879 805 938 Si
824 887 942 952 uterque
962 881 1068 958 conjux
1087 899 1222 957 peccasse
1235 894 1390 953 noscatur,

287 1001 346 1042 non
368 980 449 1040 detur
470 977 641 1040 divortium:
664 987 759 1040 “eum
782 978 860 1056 paria
880 981 1002 1038 crimine
1023 981 1259 1057 compensatione
1282 993 1391 1044 mutua

288 1082 442 1148 deleantur,
457 1079 498 1136 vir
511 1078 675 1157 hujusmodi
684 1078 879 1137 fornicationis
892 1079 1007 1138 obtentu
1018 1097 1077 1138 sum
1087 1079 1184 1140 uxoris
1198 1082 1301 1154 nequit
1314 1101 1389 1142 con·

287 1182 407 1242 sortium
420 1171 610 1236 declinere.”¹
651 1178 715 1238 lmo
738 1179 765 1236 si
785 1187 850 1254 post
869 1180 1077 1255 separationem
1099 1179 1169 1238 alter
1188 1182 1302 1239 crimen
1324 1181 1388 1242 hoc

288 1279 424 1344 sumitur,
447 1293 561 1348 equum
584 1285 628 1336 est
647 1277 726 1336 elteri
746 1278 905 1355 ignoscere,
926 1279 1057 1352 quamvis
1071 1279 1097 1336 si
1110 1279 1306 1338 intercesserit
1316 1300 1388 1340 sen·

289 1378 375 1438 tentis
383 1374 500 1454 judicis,
515 1395 573 1436 non
588 1387 712 1454 cogetur,
728 1393 793 1436 nam
807 1395 873 1436 reus
888 1378 966 1436 omni
975 1377 1040 1456 jure
1053 1396 1110 1436 suo.
1121 1378 1247 1454 privatus
1260 1390 1315 1438 est.
1348 1381 1386 1442 Si

287 1476 445 1538 alterutrius
472 1476 582 1534 crimen
601 1495 659 1535 non
684 1477 847 1544 innotuerit,
869 1478 957 1549 queri
984 1485 1077 1553 potest
1096 1486 1191 1538 utrum
1212 1478 1298 1536 liceat
1318 1481 1384 1540 rire

286 1575 416 1637 adulterii
437 1575 491 1633 sibi
511 1577 638 1644 conscio,
659 1576 790 1654 conjugis
812 1576 843 1634 in
863 1574 1001 1635 adulterio
1014 1575 1200 1653 deprehenso
1213 1578 1324 1636 crimen
1338 1579 1384 1640 di·

285 1675 376 1736 vortio
398 1672 521 1751 petendo
541 1676 650 1752 punire.
692 1665 724 1732 S,
752 1675 919 1752 Alphonsus
939 1673 1008 1734 dicit
1032 1694 1090 1734 non
1109 1675 1196 1734 licere
1222 1676 1382 1740 divortium

284 1775 388 1843 secere,
410 1783 429 1810 ‘⁴
439 1773 464 1831 si
478 1781 595 1847 uterque
608 1791 674 1831 reus
688 1774 725 1832 sit
738 1773 880 1842 adulterii,
896 1784 963 1834 tunc
975 1775 1051 1834 enim
1066 1784 1167 1834 neuter
1181 1774 1231 1851 jus
1244 1775 1330 1835 habet
1341 1778 1380 1837 ed

286 1875 438 1936 divortium
452 1873 505 1932 etsi
519 1893 592 1932 unus
606 1872 696 1931 semel
709 1875 870 1949 peccaverit
883 1883 911 1932 et
924 1875 1046 1943 occulte,
1061 1876 1132 1933 elter
1145 1873 1212 1932 verd
1225 1877 1335 1935 centies
1347 1887 1380 1935 et

286 1965 450 2053 publice.”²
489 1973 621 2032 Attamen
641 1973 753 2045 quoties
774 1974 872 2031 uxoris
895 1975 1004 2032 crimen
1027 1973 1062 2032 ad
1082 1973 1226 2052 publicam
1247 1977 1379 2036 notitiam

284 2073 438 2132 deductum
452 2071 545 2138 suerit,
559 2071 767 2158 ridetur-licere
780 2090 843 2130 eam
858 2072 1007 2141 dimittere,
1022 2073 1163 2132 vixerim
1176 2084 1276 2149 posset
1289 2075 1374 2134 mari·

283 2183 405 2230 tussam
419 2171 540 2228 retinere
561 2171 667 2242 absque
688 2170 857 2248 gravissimo
871 2170 917 2230 sui
931 2171 1088 2231 dedecore:
1112 2171 1227 2244 quodsi
1241 2173 1321 2232 haud
1333 2175 1377 2232 in·

283 2271 416 2338 notuerit,
440 2277 627 2345 preterquam
648 2271 716 2339 reis,
739 2270 785 2330 vel
805 2271 855 2329 uni
877 2271 993 2328 alterive
1014 2289 1051 2330 ex
1071 2273 1251 2348 propinquis,
1265 2273 1376 2332 videtur
1427 2297 1430 2302 ·

283 2371 450 2431 nonlicere.
493 2369 643 2429 Innocenti
662 2370 729 2428 licet
749 2369 905 2428 adulteram
928 2369 962 2428 ad
984 2389 1016 2428 se
1038 2389 1181 2440 revocare,
1205 2389 1267 2443 quae
1290 2373 1376 2431 debet

283 2470 374 2530 redire
395 2479 424 2530 et
445 2469 563 2530 reddere
586 2469 723 2537 debitum,
746 2470 773 2527 si
792 2470 898 2543 absque
919 2469 983 2528 vitae
997 2469 1172 2538 discrimine,
1192 2471 1238 2528 vel
1252 2471 1373 2533 durioris

283 2569 454 2630 tractationis
469 2569 569 2627 valeat.

325 2671 391 2727 tls.
413 2667 446 2725 Si
460 2668 621 2724 auctoritate
637 2666 714 2723 civili
728 2666 833 2726 factum
848 2669 884 2725 sit
897 2667 1059 2736 divortium,
1073 2669 1166 2745 poenis
1179 2668 1309 2730 adulterii
1324 2672 1373 2730 cb·

282 2766 363 2824 noxii
376 2774 459 2823 erunt
471 2765 609 2840 conjuges
623 2764 858 2824 consuetudinem
873 2776 1043 2826 renovantes
1057 2767 1252 2837 domesticam,
1267 2771 1373 2844 absque

281 2863 363 2922 novis
377 2861 494 2939 nuptiis.
536 2861 571 2920 Id
590 2871 684 2920 autem
704 2863 792 2935 quaeri
806 2875 900 2941 potest
912 2876 1008 2926 utrum
1022 2867 1057 2926 ad
1073 2885 1171 2943 poenas
1185 2867 1258 2945 legis
1271 2869 1372 2946 effugi-

280 2961 380 3031 endas,
394 2973 423 3022 et
435 2961 470 3022 ed
480 2963 546 3041 jura
558 2961 761 3038 recuperanda,
775 2963 859 3023 liceat
874 2983 1046 3026 consensum
1069 2968 1251 3028 matrimonio
1270 2970 1371 3042 iterum

281 3066 358 3124 dere.
381 3063 502 3124 Videtur
513 3064 600 3122 licere
614 3082 710 3122 coram
723 3063 868 3123 sacerdote
882 3084 1056 3126 consensum
1067 3066 1134 3126 olim
1148 3067 1245 3126 datum
1255 3069 1369 3138 referre,

280 3175 311 3224 ut
323 3165 359 3224 de
372 3165 554 3224 matrimonio
568 3163 659 3239 possit
672 3163 783 3220 testari:
806 3163 855 3222 sed
869 3183 1027 3224 consensus
1040 3167 1104 3243 ipse
1117 3165 1297 3226 renovandus
1310 3186 1371 3228 non

280 3273 333 3332 eet,
348 3265 416 3338 quia
429 3283 516 3338 quum
531 3263 568 3320 sit
581 3263 671 3320 forma
690 3264 870 3331 sacramenti,
884 3283 941 3324 non
956 3273 1050 3340 potest
1061 3265 1164 3324 iterari.
1205 3245 1283 3325 Dum
1303 3286 1371 3326 cura

279 3364 468 3423 adhibeturut
483 3363 518 3422 de
539 3364 719 3422 matrimonio
739 3363 824 3422 civile
838 3363 974 3422 hebcetur
987 3365 1192 3434 testimonium,
1207 3366 1365 3425 cavendum

279 3483 314 3522 ne
328 3465 379 3522 ulli
399 3465 472 3522 sacri
492 3464 562 3521 ritus
583 3470 753 3541 peragentur
767 3463 879 3532 iterum,
899 3464 945 3521 vel
962 3463 1069 3536 aliquid
1090 3464 1139 3522 fiet
1155 3484 1213 3539 quo
1229 3466 1316 3524 errori
1327 3464 1368 3522 de

279 3562 395 3619 vinculo
407 3562 500 3618 soluto
513 3561 593 3618 lavor
607 3563 773 3635 prebeatur.

319 3659 386 3713 119.
407 3657 490 3713 Licet
510 3658 655 3716 innocenti
676 3660 792 3736 conjugi
813 3647 939 3719 debitum
959 3661 1101 3740 denegare
1119 3661 1258 3731 adultero,
1273 3663 1368 3722 habita

276 3754 404 3815 criminis
430 3753 545 3811 notitia:
580 3755 640 3812 imo
661 3757 746 3833 juxta
771 3758 938 3832 plerosque,
966 3771 1060 3837 potest
1084 3760 1237 3823 divortium
1261 3761 1365 3829 facere,

277 3854 390 3932 quando
404 3863 512 3914 certum
525 3855 644 3912 omnino
658 3863 702 3912 est
714 3853 866 3914 delictum:
887 3858 938 3916 sed
952 3860 1001 3918 ubi
1016 3861 1145 3920 ecclesie
1158 3863 1321 3920 auctoritate
1334 3863 1366 3920 in

276 3959 369 4018 censis
389 3953 642 4025 matrimonialibus
662 3964 820 4022 exercetur,
841 3967 951 4016 servate
966 3959 1141 4036 judiciorum
1161 3961 1264 4028 forma,
1285 3960 1367 4020 debet

275 4059 443 4136 plerumque
471 4055 598 4135 judicem
624 4055 712 4125 adire,
739 4065 767 4114 et
791 4059 962 4117 sententiam
987 4069 1149 4136 expectare.
1203 4060 1366 4120 Excusatur

275 4169 369 4216 autem
384 4160 432 4230 qui
446 4156 589 4214 dimittite
605 4174 636 4214 se
651 4156 816 4225 adulteram,
830 4159 932 4216 nolens
946 4177 1006 4216 rem
1027 4177 1093 4217 cum
1107 4161 1153 4216 sui
1167 4167 1195 4216 et
1215 4159 1303 4235 prolis
1316 4157 1364 4217 de-

274 4255 375 4315 decore
390 4257 482 4333 palam
496 4255 606 4314 deferre
623 4255 828 4333 judicandam:
852 4258 897 4315 vel
910 4275 974 4330 quc
988 4256 1099 4316 recedit
1112 4258 1225 4317 occulte
1239 4259 1273 4317 eb
1287 4256 1364 4316 adul-

216 4367 218 4372 ’
275 4366 345 4424 tero,
360 4372 395 4413 ne
410 4355 524 4431 publice
538 4353 677 4413 delatione
692 4357 799 4414 melum
810 4355 1028 4434 ingravesceret.

445 4515 487 4579 (1)
508 4513 569 4578 Cep.
581 4514 622 4565 vit
634 4513 663 4566 dc
674 4514 754 4567 adele
959 4519 1002 4592 (2)
1022 4515 1052 4566 L.
1061 4517 1092 4569 vi.
1104 4531 1129 4566 rt.
1141 4517 1199 4566 966.
