3172 5172
516 581 572 640 DE
595 578 760 640 SIGILLO
781 578 1098 640 GONFESSIONIS.
1294 587 1351 642 173

261 748 427 825 contigerit:
448 765 514 805 nam
527 765 565 805 ex
577 747 640 825 lege
652 746 773 815 Christi,
788 765 844 819 qua
857 748 1001 808 consessio
1014 747 1186 825 praecipitur,
1200 745 1349 816 derivatur,

263 856 292 904 et
307 846 427 924 proinde
444 845 528 906 debet
541 847 646 924 vigere,
667 847 716 905 ubi
735 845 792 922 legi
806 846 873 905 huic
887 847 1077 923 obtemperari
1090 853 1230 904 censetur.
1272 846 1351 905 Hinc

263 963 326 1019 que
340 945 471 1004 dicuntur
483 946 514 1004 in
527 946 720 1012 consessione,
734 944 802 1003 licet
814 945 922 1019 absque
936 947 1097 1004 necessaria
1110 945 1199 1004 animi
1213 946 1351 1022 poeniten·

262 1045 309 1112 tia,
333 1053 398 1103 sunt
417 1045 531 1104 silentio
553 1042 708 1104 servanda:
732 1045 904 1103 “consessio
925 1063 983 1104 non
998 1044 1103 1104 desinit
1115 1063 1179 1103 esse
1193 1063 1351 1104 sacramen·

262 1144 336 1211 talis,
351 1143 480 1217 quamvis
495 1144 542 1202 ille
563 1145 613 1216 qui
633 1143 793 1210 confitetur,
817 1142 1044 1202 emendationem
1067 1161 1126 1201 non
1145 1153 1300 1220 proponat:
1322 1153 1351 1202 ct

262 1241 326 1300 ideo
340 1243 527 1302 nihilominus
541 1245 594 1301 sub
607 1242 717 1300 occulto
732 1241 852 1300 tenenda
865 1237 956 1299 est.''l
988 1243 1022 1300 In
1036 1242 1123 1301 dubio
1135 1251 1229 1300 utrum
1244 1241 1351 1316 aliquid

260 1339 367 1400 dictum
381 1343 461 1400 sitin
474 1341 573 1400 ordine
596 1341 631 1399 ad
652 1341 874 1408 confessionem,
890 1343 1080 1400 confessarius
1102 1350 1211 1400 tenetur
1225 1339 1260 1398 ad
1273 1343 1351 1418 sigil-

261 1433 349 1507 lum,2
361 1442 429 1513 quia
449 1441 574 1513 alioquin
601 1440 746 1498 consessio
767 1439 848 1496 fieret
870 1439 980 1506 odiosa,
1003 1449 1031 1498 ct
1050 1441 1155 1516 injuria
1175 1439 1258 1498 facile
1271 1440 1352 1499 fieret

262 1539 420 1615 poenitenti.
462 1539 533 1607 Quae
557 1538 689 1597 dicuntur
713 1537 854 1596 sacerdoti
874 1538 997 1606 cuilibet,
1019 1539 1130 1598 etiamsi
1152 1539 1351 1617 jurisdictione

264 1638 383 1714 privato,
407 1639 460 1696 sub
481 1639 576 1715 sigillo
597 1637 711 1705 cadunt,
733 1636 887 1695 dummodo
909 1647 1002 1696 tamen
1025 1640 1176 1714 penitens,
1190 1657 1241 1696 seu
1256 1657 1351 1698 crasso

262 1755 366 1804 errore,
381 1739 528 1804 senonimi
548 1738 714 1815 pertinacia,
735 1755 801 1793 eum
823 1736 924 1798 habeat
944 1738 1031 1795 veluti
1052 1755 1164 1797 sacrum
1181 1736 1352 1814 judicem,a

263 1854 321 1908 quo
335 1839 443 1911 expetit
456 1837 679 1896 absolutionem:
703 1833 759 1894 imd
781 1853 843 1908 quae
866 1835 965 1905 laicus,
989 1837 1100 1913 fingens
1120 1855 1152 1894 se
1165 1837 1351 1904 sacerdotem,

163 1923 165 1927 ’
263 1935 371 2011 excipit
391 1937 421 1993 in
447 1936 589 2004 tribunali,
614 1935 774 1993 arctissimo
796 1953 898 1993 arcano
919 1936 1075 2013 subjacent.
1118 1936 1144 1994 Ε
1170 1946 1350 2008 contraque

262 2033 395 2093 dicuntur
408 2035 558 2093 manifesto
572 2035 695 2093 consilio
709 2033 861 2091 inducendi
882 2034 1055 2093 sacerdotem
1070 2034 1106 2092 ad
1119 2043 1278 2111 peccatum,
1293 2055 1351 2094 non

263 2134 365 2192 cadunt
378 2135 430 2191 sub
443 2134 554 2210 sigillo:
577 2133 627 2192 sed
641 2133 800 2191 cavendum
814 2151 851 2190 ue
873 2133 980 2206 aliquid
993 2135 1143 2192 occasione
1158 2135 1350 2194 consessionis
1367 2158 1372 2163 ·
1387 2136 1389 2141 ’

263 2233 415 2309 prolatum,
430 2242 533 2290 etcum
547 2242 727 2309 peccatorum
742 2231 923 2290 confessione
934 2233 1128 2310 conjunctum,
1141 2245 1247 2292 temere
1261 2234 1351 2293 divul·
1417 2217 1420 2223 ’

263 2341 353 2408 getur,
368 2332 417 2388 vix
430 2333 506 2389 enirn
520 2332 582 2389 fieri
595 2341 686 2408 potest
700 2333 808 2389 mentio
821 2332 861 2388 rei
882 2350 945 2404 que
965 2333 994 2390 in
1008 2333 1140 2391 tribunali
1161 2335 1291 2411 contigit,
1306 2335 1351 2393 vel

263 2429 400 2501 colloquii
426 2430 524 2497 habiti,
546 2431 653 2503 absque
672 2422 852 2488 revelationis
873 2431 1045 2506 suspicione.
1088 2432 1159 2498 Quae
1180 2442 1273 2490 autem
1297 2435 1349 2491 sub

263 2528 359 2606 sigillo
380 2538 459 2587 extra
482 2529 602 2587 tribunal
622 2531 878 2598 communicantur,
900 2532 1002 2588 secreti
1023 2531 1156 2590 naturalis
1171 2540 1277 2590 tantum
1292 2533 1350 2590 vim

262 2628 382 2686 habent:
405 2647 470 2687 nam
487 2629 642 2706 “sigillum
656 2629 845 2687 consessionis
859 2639 902 2687 est
915 2629 1022 2702 aliquid
1036 2649 1179 2688 annexum
1190 2649 1350 2690 sacramen·

264 2729 312 2787 tali
325 2728 515 2786 confessioni:
537 2728 588 2786 sed
608 2747 641 2785 ea
660 2747 724 2801 qnae
744 2746 856 2786 annexa
869 2739 936 2786 sunt
948 2730 1032 2788 alicui
1045 2724 1232 2800 sacramento,
1247 2749 1304 2790 uon
1318 2750 1350 2788 se

262 2827 419 2887 extendunt
430 2828 501 2886 ultra
515 2839 725 2886 sacramentum
740 2826 826 2886 illud:
847 2847 916 2905 ergo
937 2829 1064 2906 sigillum
1084 2831 1272 2889 confessionis
1294 2850 1350 2890 non

264 2945 295 2984 se
316 2926 444 2985 extendit
470 2927 526 2984 nisi
551 2927 587 2985 ad
612 2947 646 2985 ea
672 2927 707 2985 de
734 2928 842 2999 quibus
868 2939 912 2984 est
930 2930 1139 2987 sacramentalis
1160 2926 1351 2988 consessio.’'⁸

264 3025 342 3084 Hinc
353 3045 416 3099 quoe
430 3025 588 3084 consulitur
601 3046 616 3083 a
630 3027 735 3103 puella,
746 3038 777 3084 ut
789 3035 890 3084 noscat
902 3045 961 3098 quo
975 3025 1061 3085 modo
1074 3040 1221 3104 peccatum
1236 3029 1352 3102 aliquod

261 3124 460 3185 declarandum
482 3127 529 3194 sit,
556 3134 698 3184 secretum
718 3125 843 3184 naturale
864 3143 976 3182 servare
995 3124 1088 3190 debet;
1109 3127 1160 3184 sed
1181 3127 1268 3202 sigilli
1288 3127 1350 3204 lege

263 3243 321 3284 non
335 3227 483 3302 obligatur.
527 3225 553 3284 E
569 3235 667 3284 contra
680 3223 814 3283 sacerdos
829 3243 914 3298 quem
928 3225 1052 3283 consulit
1064 3225 1215 3302 penitens,
1229 3235 1261 3283 ut
1274 3237 1353 3303 paret

264 3342 296 3381 se
310 3322 344 3380 ad
358 3324 561 3393 confitendum,
582 3325 667 3382 debet
688 3326 741 3383 sub
753 3325 848 3401 sigillo
868 3343 981 3382 servare
1002 3343 1064 3396 quae
1085 3325 1126 3383 illi
1147 3326 1183 3383 ita
1197 3315 1368 3384 commissa

262 3431 336 3490 suut,
350 3432 394 3481 est
407 3423 484 3482 enim
498 3423 583 3482 veluti
598 3425 741 3482 consessio
756 3416 924 3502 inchoata.⁴¹
954 3424 1083 3482 Tenetur
1102 3424 1138 3482 ad
1152 3425 1278 3502 sigillum
1293 3444 1352 3483 ser·

263 3522 388 3584 vandum
416 3524 577 3598 “superior
595 3525 642 3580 cui
668 3543 699 3582 se
720 3524 795 3582 sistit
814 3522 959 3581 absolutus
980 3543 996 3580 a
1017 3537 1169 3592 reservato,
1196 3523 1240 3582 vel
1260 3543 1276 3582 a
1296 3544 1352 3597 quo
1420 3591 1422 3600 ,

263 3623 367 3697 petitur
391 3621 506 3692 licentia
532 3622 697 3682 absolvendi
724 3621 935 3681 areservato.’'
976 3623 1020 3681 lta
1040 3623 1245 3692 Busembaum‚
1267 3643 1353 3696 quem

263 3723 390 3795 sequitur
403 3724 435 3780 S.
450 3722 629 3799 Alphonsus‚
651 3741 717 3782 cum
739 3722 894 3798 plerisque.
937 3722 1062 3792 “Ratio‚
1084 3734 1143 3782 tum
1167 3725 1233 3796 quia
1254 3726 1353 3801 petitio

195 3844 199 3849 ·
264 3819 312 3877 illa
326 3831 370 3877 est
384 3822 512 3892 quaedam
536 3823 668 3880 inchoata
690 3822 844 3890 confessio,
866 3830 1004 3895 quatenus
1028 3824 1173 3882 ordinatur
1194 3824 1229 3881 ad
1244 3825 1354 3883 absolu·

265 3919 370 3976 tionem
379 3920 581 3989 obtinendam3
596 3929 654 3981 tum
666 3924 731 3996 quia
741 3922 868 3994 alioquin
878 3920 1024 3981 confessio
1033 3923 1196 3981 redderetur
1205 3918 1354 3979 odiosa.''⁵

264 4016 407 4076 Nonnulli
420 4029 537 4077 censent
549 4020 700 4097 presulem
714 4021 816 4080 secreti
829 4021 964 4079 naturalis
978 4021 1041 4098 lege
1052 4029 1159 4079 tantum
1175 4019 1273 4076 teneri.

304 4119 353 4174 89.
375 4116 531 4194 Interpres,
552 4120 634 4196 cujus
655 4133 751 4198 opera·
768 4136 838 4178 usus
858 4129 902 4176 est
928 4120 1080 4196 paenitens,
1102 4118 1135 4175 ad
1163 4135 1215 4174 sua
1241 4129 1355 4192 peccata

298 4345 310 4410 (
315 4348 342 4412 1)
362 4345 388 4397 S.
400 4345 490 4394 Thom.
503 4345 580 4411 Supp.
591 4347 625 4396 rii.
638 4364 662 4412 p.
673 4363 714 4410 qu.
726 4345 760 4395 xi.
773 4351 815 4394 art.
828 4345 843 4395 i.
854 4345 885 4394 ad
897 4347 918 4392 l.
988 4345 1031 4408 (2)
1051 4342 1078 4392 S.
1090 4341 1164 4406 ntph.
1177 4341 1192 4390 l.
1204 4340 1235 4390 vi.
1248 4358 1273 4391 n.
1285 4346 1343 4394 637.

300 4433 342 4499 (3)
363 4431 390 4480 S.
400 4431 491 4481 Thom.
504 4433 565 4497 Sup.
575 4432 610 4482 iii.
620 4448 644 4496 p.
656 4448 697 4496 qu.
708 4431 742 4480 xi.
754 4438 797 4480 art.
809 4429 825 4479 i.
836 4429 899 4479 ad2.
991 4428 1032 4493 (4)
1052 4427 1078 4477 S.
1091 4427 1165 4492 Alph.
1178 4427 1193 4476 l.
1206 4427 1236 4476 vi.
1248 4443 1273 4477 n.
1286 4431 1343 4482 649.

688 4518 730 4584 (5)
750 4513 779 4566 L.
792 4514 823 4563 vi.
834 4530 859 4565 n.
872 4513 930 4563 647.

782 4613 845 4672 tu*
