3124 5168
235 557 275 612 to
394 553 450 612 DE
473 550 836 611 CONSECRATIONE
858 550 1176 612 EUOHARISTIAE.

676 1059 818 1119 CAPUT
839 1060 879 1119 ΙΙ.

504 1276 543 1342 llE
565 1275 809 1316 consncnanlonn
831 1276 1054 1317 nncnnnts'rlffl.

278 1440 325 1493 11.
348 1435 446 1492 Solius
460 1434 615 1494 sacerdotis
629 1448 673 1494 est
686 1435 895 1495 Eucharistiarn
908 1454 1093 1494 consecrare:
1108 1445 1140 1492 ut
1149 1444 1242 1492 autem
1256 1451 1324 1490 oon-

235 1535 340 1592 seerari
360 1534 453 1592 valeat
479 1536 598 1593 materia
616 1534 701 1592 debet
719 1554 784 1593 esse
798 1555 933 1612 praesenS,
949 1536 986 1593 ita
1006 1545 1039 1592 ut
1060 1553 1163 1592 voces:
1185 1533 1249 1598 doc,
1264 1530 1323 1598 tic,

235 1653 308 1692 verae
322 1634 388 1690 sint.
432 1641 451 1668 “
462 1633 631 1706 Requiritur
643 1643 674 1692 ut
686 1636 803 1692 materia
825 1634 1029 1693 consecranda¹
1042 1635 1070 1691 in
1092 1643 1153 1691 actu
1176 1649 1324 1690 consecra·

235 1734 321 1792 tionis
336 1733 374 1790 sit
386 1749 480 1790 eoram
495 1729 687 1790 sacerdotes*
727 1735 766 1792 At
778 1753 898 1792 neeesse
914 1743 1028 1793 nonest
1045 1743 1076 1790 ut
1095 1733 1210 1791 materia
1232 1729 1325 1787 videa·

236 1843 289 1900 tur,
305 1832 352 1889 vel
372 1839 510 1909 tangatur,
525 1849 589 1888 narn
604 1831 703 1890 hostiae
717 1833 847 1908 plurimae
861 1833 946 1891 simul
960 1833 1119 1890 consecrari
1139 1837 1267 1906 possunt,
1283 1829 1325 1887 in·

236 1932 388 1990 serioribus
402 1951 418 1988 a
432 1930 627 2006 superioribus
642 1933 740 1989 tectis:
762 1933 805 1990 sic
817 1942 846 1988 et
858 1951 921 2005 quae
943 1932 1124 1989 continentur
1142 1928 1263 2004 pyxide,
1278 1927 1324 1984 vel

232 2031 353 2098 ciborio,
368 2039 579 2097 consecrantur,
594 2031 679 2088 etiarn
698 2031 833 2107 operculo
847 2031 923 2089 haud
944 2039 1063 2097 remoto,
1079 2028 1212 2101 quamvis
1233 2045 1325 2085 remo·

234 2131 296 2187 veri
310 2129 419 2197 debeat,
431 2131 516 2205 juxta
528 2129 693 2187 Rubrioam.
736 2129 769 2187 Si
782 2139 847 2206 post
860 2130 979 2188 calicem
993 2130 1078 2186 lateat
1094 2127 1242 2194 ciborium,
1257 2143 1325 2184 oon·

236 2238 383 2286 sectantur
395 2227 497 2286 hostiae
518 2230 631 2302 quoties
651 2230 763 2287 animus
776 2229 830 2287 suit
849 2227 1035 2287 consecrandi
1055 2246 1114 2296 eae,
1130 2246 1201 2299 quae
1220 2225 1325 2284 idcireo

235 2337 369 2404 posuerat
382 2327 421 2385 ibi
435 2326 577 2396 sacerdos,
589 2327 633 2388 vel
647 2329 730 2398 alius,
745 2349 780 2387 eo
794 2330 912 2396 sciente,
927 2329 1058 2405 quamvis
1079 2337 1206 2403 tempore
1227 2343 1326 2384 conse·

237 2427 370 2487 orationis
385 2427 507 2486 instante
527 2427 687 2504 neglexerit
699 2427 819 2487 educere
840 2429 992 2496 ciborium,
1007 2435 1091 2504 prout
1110 2426 1235 2484 Rubriea
1255 2443 1325 2501 prae·

237 2528 345 2595 scribit,
359 2535 388 2583 et
400 2528 506 2584 oblitus
526 2529 564 2584 sit
576 2527 671 2585 illius:
687 2537 731 2585 eet
744 2528 850 2603 quippe
870 2545 997 2604 praesens
1016 2527 1141 2593 materia,
1156 2535 1185 2582 et
1207 2524 1327 2582 intentio

237 2624 422 2684 consecrandi
436 2627 537 2683 virtute
555 2643 606 2682 sua
619 2635 774 2700 permanet.
810 2626 840 2682 N
842 2644 879 2683 on
894 2635 988 2683 autem
1002 2633 1175 2683 conseeratae
1188 2621 1325 2680 habendae

237 2733 303 2783 sunt
323 2721 422 2780 hostiae
437 2723 490 2780 sub
511 2721 662 2798 corporali,
676 2724 722 2780 vel
736 2741 807 2794 quas
831 2735 898 2798 post
917 2723 1012 2781 altaris
1033 2721 1174 2780 chartulae
1194 2721 1338 2788 latentes,

237 2823 284 2880 vel
313 2822 343 2879 in
370 2821 549 2879 tabernaculo
573 2822 713 2897 repositas
734 2840 750 2878 a
773 2824 900 2890 sacrista,
922 2821 998 2879 haud
1020 2823 1100 2879 novit
1118 2820 1237 2879 adesse:
1261 2837 1327 2878 nam

224 2927 226 2929 ’
238 2921 350 2980 animus
364 2920 391 2977 ei
404 2938 463 2979 non
476 2919 531 2978 tuit
543 2939 591 2979 eas
606 2921 804 2980 consecrandi.
846 2922 941 2998 Super
948 2922 1096 2997 corporale
1110 2920 1215 3000 debent
1226 2919 1326 2978 hostiae

238 3019 438 3082 consecrandae
460 3021 577 3098 apponi,
592 3039 642 3079 eeu
658 3023 689 3079 in
702 3021 820 3090 ciborio,
837 3041 888 3080 seu
909 3031 990 3079 extra
1004 3020 1084 3088 illud,
1100 3039 1152 3097 pro
1166 3021 1268 3097 majori
1281 3018 1328 3076 vel

239 3122 343 3180 minori
357 3122 450 3198 copia,
464 3132 493 3179 et
515 3121 633 3180 intentio
654 3121 809 3180 sacerdotis
824 3121 908 3181 debet
929 3121 1015 3198 dirigi
1029 3120 1063 3178 ad
1078 3139 1126 3178 eas
1147 3111 1325 3192 omnesquae

238 3222 279 3279 ibi
301 3222 496 3297 reperiuntur:
512 3221 589 3292 quod
611 3221 637 3279 si
658 3222 743 3279 vellet
764 3239 931 3280 consecrare
944 3203 1058 3278 ¹hostiae
1080 3231 1159 3278 extra
1180 3217 1327 3295 corporale

132 3338 141 3352 ·
239 3321 357 3396 poeitae,
372 3319 533 3396 adjacentes
548 3329 652 3388 temen,
667 3320 778 3380 videtur
791 3339 887 3396 posse,
902 3319 1032 3393 quamvis
1043 3321 1166 3398 graviter
1178 3327 1325 3395 peccaret;

134 3414 156 3494 Ἰ
239 3417 290 3476 sed
304 3418 415 3492 quoties
429 3419 549 3477 intentio
563 3419 598 3476 ad
618 3437 667 3476 eas
681 3439 739 3478 non
759 3417 899 3499 dirigitur,
914 3429 1086 3478 consecrate
1113 3437 1171 3476 non
1191 3428 1259 3476 sunt
1279 3417 1328 3474 ha·

238 3516 349 3576 bendae.
392 3515 505 3576 Hostiae
519 3537 619 3576 omnes
634 3528 805 3578 consecrate
826 3519 930 3577 debent
942 3521 1015 3576 intra
1035 3535 1112 3573 arant
1132 3533 1245 3574 manere
1268 3525 1327 3573 toto

239 3627 367 3690 ternpore
381 3612 542 3672 sacrificii?
574 3615 717 3674 Caeterum
732 3634 794 3674 mor
808 3615 988 3688 relinquendi
998 3615 1026 3672 in
1040 3614 1119 3671 altari
1133 3613 1244 3672 thecam
1261 3613 1327 3672 hos·

238 3715 340 3773 tiorum
361 3721 405 3769 est
427 3712 642 3788 improbandus,
664 3733 752 3788 quum
778 3714 989 3774 nihilomnino
1012 3710 1212 3789 apponendum
1234 3713 1272 3770 sit
1297 3714 1327 3772 in

239 3813 328 3879 altari,
340 3809 416 3884 quod
430 3811 463 3868 ad
478 3812 662 3881 sacrificium,
672 3815 717 3872 vel
732 3815 825 3872 altaris
839 3824 969 3872 ornatum
983 3831 1041 3872 non
1055 3812 1204 3888 pertineat.
1226 3812 1327 3870 Gravi·

239 3923 281 3972 ter
303 3920 434 3990 peccaret
453 3912 596 3979 raeerdos,
611 3921 722 3972 tentans
743 3931 909 3972 consecrare
930 3912 1037 3970 hostias
1061 3912 1091 3970 in
1114 3930 1212 3970 mensa
1237 3931 1326 3990 prope

239 4013 335 4082 altare,
348 4029 435 4085 quum
457 4012 523 4070 ritui
550 4011 692 4071 Eoeleriae
714 4013 744 4071 id
767 4013 839 4071 soret
861 4013 974 4090 penitus
997 4013 1180 4080 eontrarium,
1194 4023 1223 4071 et
1247 4012 1326 4070 dubii

238 4114 353 4181 valoris,
375 4113 506 4186 quamvis
532 4121 631 4188 putent
656 4113 784 4172 nonnulli
809 4112 1055 4173 consecrationem
1082 4113 1112 4172 in
1138 4129 1199 4171 rem
1223 4111 1325 4190 viginti

239 4231 341 4289 passus
355 4211 506 4272 distantem
526 4199 590 4269 esse
604 4208 735 4271 οεηειιι.8

343 4417 386 4480 (l)
405 4415 504 4466 Missale
516 4416 587 4467 Rom.
597 4415 628 4466 de
638 4415 724 4466 daleot.
876 4415 918 4482 (2)
937 4414 965 4464 S.
978 4413 1076 4480 Alpnl
1087 4412 1119 4463 vi.
1129 4427 1154 4462 n.
1165 4413 1223 4460 373.

652 4502 689 4564 (3)
706 4498 806 4561 Ibidem,
817 4513 842 4549 n.
854 4501 912 4549 21³.
