3108 5162
494 531 551 591 DE
572 530 995 590 DISPENSATIONIBUS.
1234 534 1293 590 365

201 715 238 756 ex
251 697 357 774 copula
377 697 475 756 illicita
494 700 670 774 pertineam
690 698 880 759 collateralem
900 700 961 756 sive
987 704 1092 755 rectam
1114 696 1299 781 resultantis,

199 796 358 856 dummodo
371 797 480 857 nullum
494 799 587 856 subsit
599 797 725 866 dubium,
748 797 824 870 quod
844 798 950 874 conjux
963 797 1054 873 possit
1066 815 1130 854 esse
1144 797 1239 873 proles
1254 797 1288 854 ab

201 895 289 953 altero
303 898 528 955 contrahentium
543 897 654 974 genita:
670 897 787 972 insuper
796 915 882 972 super
893 895 1097 971 impedimento
1111 895 1289 972 cognationis

202 995 357 1069 spiritualis
382 997 466 1054 etiam
487 997 560 1054 inter
583 997 724 1056 levantem
751 1003 780 1053 et
798 996 939 1052 levatum:
969 1003 997 1051 et
1016 1013 1102 1070 super
1127 995 1290 1070 disparitate

201 1093 303 1161 cultus,
318 1095 451 1170 gravibus
471 1103 565 1154 tamen
586 1094 621 1152 de
642 1094 735 1152 causis
757 1097 786 1152 in
807 1093 927 1170 singulis
949 1094 1060 1151 casibus
1074 1096 1103 1152 in
1118 1095 1220 1166 quibus
1234 1092 1290 1150 dis·

202 1193 380 1267 pensandum
396 1194 464 1251 erit:
487 1203 516 1251 et
525 1212 612 1269 super
623 1192 829 1270 impedimento
843 1192 965 1268 publicae
978 1192 1143 1260 honestatis,
1154 1193 1240 1268 justis
1254 1209 1292 1248 ex

203 1293 384 1368 sponsalibus
407 1293 608 1370 proveniente:
637 1301 665 1348 et
684 1310 770 1369 super
795 1290 1000 1367 impedimento
1026 1291 1165 1359 criminis,
1192 1299 1292 1348 neutro

205 1398 298 1447 tamen
325 1393 480 1468 conjugum
501 1392 691 1458 machinante,
713 1411 745 1448 ac
768 1389 934 1448 restituendi
949 1390 998 1466 jus
1024 1389 1139 1466 petendi
1165 1389 1291 1447 debitum

206 1489 352 1548 amissum.
396 1490 551 1563 Pleraeque
564 1491 617 1548 has
630 1490 776 1547 facultates
797 1489 1006 1547 communicant
1018 1489 1148 1565 episcopi
1161 1489 1293 1547 mission-

207 1587 283 1656 ariis,
305 1597 425 1665 excepta
450 1597 545 1647 tamen
569 1591 737 1666 plerumque
758 1588 888 1646 facultate
909 1587 1094 1663 dispensandi
1114 1590 1143 1646 in
1166 1587 1293 1645 secundo

204 1685 302 1763 gradu,
317 1705 404 1760 quum
419 1689 534 1746 nonnisi
555 1707 607 1764 pro
626 1697 703 1746 certo
717 1705 833 1746 casuum
848 1705 967 1744 numero
981 1688 1126 1763 episcopis
1140 1687 1210 1762 ipsis
1225 1706 1292 1744 con·

205 1784 328 1854 cedatur,
343 1786 376 1844 ad
392 1806 465 1860 quos
477 1786 596 1864 proinde
611 1788 639 1844 in
653 1788 773 1864 singulis
787 1787 898 1844 casibus
911 1804 1053 1844 recurrere
1067 1803 1185 1844 neeesse
1200 1795 1252 1842 est.

244 1888 314 1942 215.
336 1886 493 1964 Regulares
507 1888 537 1944 vi
556 1906 671 1945 suorum
693 1887 904 1962 privilegiorum
926 1885 1102 1960 dispensant,
1123 1905 1160 1942 ex
1180 1884 1295 1942 lieentia

207 2002 323 2043 suorum
353 1985 580 2062 provincialium,
608 2005 672 2043 curn
708 1985 909 2061 paenitentibus
937 1985 997 2041 suis
1024 1985 1053 2042 in
1080 1983 1221 2049 tribunali,
1260 1982 1294 2039 ab

206 2083 413 2159 impedimento
426 2084 541 2161 petendi
556 2083 652 2151 debiti,
673 2092 789 2159 propter
807 2083 971 2140 affinitatem
985 2082 1111 2141 illicitam
1126 2080 1295 2140 insecundo

206 2183 305 2258 gradu,
328 2184 374 2240 vel
397 2193 513 2259 propter
527 2193 622 2240 votum
637 2184 783 2240 castitatis.
826 2181 993 2256 Disputatur
1012 2190 1106 2239 utrum
1127 2180 1294 2256 dispensare

207 2281 319 2355 possint
344 2282 374 2338 in
400 2301 468 2339 casu
494 2282 696 2359 urgentissime
717 2301 733 2338 a
759 2288 824 2337 voto
850 2281 983 2337 castitatis
1010 2279 1045 2336 ad
1071 2278 1295 2338 contrahendum

208 2379 430 2448 matrimonium,
445 2381 589 2458 plerisque
602 2379 631 2438 id
645 2375 838 2457 negantibus.¹

416 2635 468 2710 ‚§.
490 2633 529 2692 ΙΙ.
573 2633 620 2692 Du
640 2651 756 2692 varona
776 2649 1046 2691 ursanusnurouun.
1129 2681 1134 2688 .

237 2807 308 2861 216.
330 2803 371 2860 Ut
383 2802 473 2859 valeat
485 2802 660 2878 dispensatio
671 2802 701 2858 in
711 2801 788 2858 curia
801 2801 933 2858 Romana
943 2800 1100 2874 impetrata,
1115 2797 1296 2868 “requiritur

209 2910 269 2958 tum
283 2911 314 2958 ut
325 2920 408 2959 causa
422 2900 514 2958 finalis
529 2901 566 2956 sit
578 2918 643 2956 vera
663 2907 691 2956 et
712 2899 847 2956 subsistat
866 2899 934 2954 dum
954 2896 1128 2963 conceditur,
1151 2905 1209 2953 turn
1222 2904 1254 2952 ut
1268 2897 1297 2952 in

209 3001 345 3077 petitione
369 3000 440 3059 nihil
462 3001 606 3056 omittatur
628 3015 726 3055 eorum
747 3015 809 3068 quae
826 2997 876 3072 jus
898 3004 928 3051 et
950 2994 1042 3069 stylus
1062 2994 1145 3049 curiae
1167 2996 1295 3068 exigunt,

209 3100 338 3172 nihilque
352 3100 501 3156 reticeatur
519 3099 590 3165 veri,
610 3098 717 3153 ratione
738 3096 818 3171 cujus
845 3093 1019 3168 dispensatio
1040 3100 1088 3147 aut
1110 3090 1296 3157 nullomodo,

210 3208 257 3257 aut
269 3200 383 3257 nonnisi
404 3215 469 3254 cum
489 3205 565 3254 certa
585 3195 757 3262 conditione,
779 3194 824 3251 vel
838 3192 1017 3256 limitatione,
1040 3184 1200 3246 daretur.”²
1240 3187 1299 3244 Ob·

210 3299 302 3374 reptio
324 3299 357 3355 fit
378 3297 446 3354 dum
467 3295 568 3353 salsum
590 3297 762 3371 exponitur;
793 3291 960 3366 subreptitia
986 3288 1087 3347 dicitur
1112 3285 1296 3362 dispensatio,

210 3415 273 3469 quae
287 3416 383 3455 verum
398 3395 542 3454 reticendo
557 3395 706 3452 obtinetur.
749 3391 784 3450 In
804 3391 929 3463 qualibet
952 3387 1163 3464 dispensatione
1178 3383 1299 3460 petenda

209 3497 306 3554 omnia
325 3493 503 3571 exponenda,
515 3503 591 3561 sunt,
613 3513 675 3565 quae
697 3492 809 3550 obstant
822 3489 1020 3546 matrimonio:
1042 3493 1172 3542 ceterum
1187 3483 1299 3541 occulta

209 3593 412 3670 impedimenta
426 3613 488 3668 quae
502 3613 566 3652 eum
582 3593 699 3650 infamia
720 3592 873 3669 conjuncta
893 3596 968 3654 sunt,
990 3593 1111 3663 possunt
1124 3604 1140 3640 a
1153 3585 1185 3640 S.
1202 3583 1298 3674 Poeni-

210 3695 338 3752 tentiaria
349 3695 480 3761 relaxari,
502 3694 597 3752 soluto
617 3692 732 3767 publico
752 3688 959 3768 impedimento
973 3709 989 3746 a
1003 3688 1036 3744 S.
1052 3678 1199 3743 Datariar³
1219 3681 1300 3741 dum·

210 3792 297 3850 modo
320 3792 355 3849 de
381 3793 595 3868 dispensatione
616 3791 687 3850 aliha
714 3792 830 3864 quaesita
852 3811 869 3847 a
891 3789 1005 3866 publico
1025 3783 1231 3860 impedimento
1252 3782 1300 3837 fiat

211 3889 319 3948 mentio
345 3890 375 3945 in
393 3890 493 3946 litteris
520 3890 554 3946 ad
577 3890 838 3955 Poenitentiariam;
860 3907 944 3958 quanr
966 3886 1103 3942 rationem
1117 3880 1221 3936 imitari
1234 3879 1301 3936 licet

213 3986 337 4066 petendo
350 3986 384 4042 ab
399 3986 536 4060 episcopo
558 3988 668 4060 publice
690 3986 930 4060 dispensationem
952 3981 986 4037 ab
1005 3977 1211 4054 impedimento
1232 3977 1302 4051 pub·

212 4088 280 4156 lico,
295 4086 370 4143 stab
384 4103 419 4142 eo
433 4084 569 4141 secretius
585 4081 781 4158 impedimenti
801 4079 905 4138 occulti
919 4078 1123 4136 relaxationem
1136 4073 1299 4152 flagitando.

248 4292 291 4357 (1)
311 4288 337 4336 S.
351 4288 426 4353 Alph.
438 4288 454 4337 l.
468 4285 499 4336 vi.
512 4302 537 4335 n.
552 4289 625 4336 1128.

249 4374 291 4439 (2)
310 4373 348 4422 lta
361 4371 469 4422 Anteius
477 4375 544 4419 tract.
555 4369 585 4418 de
598 4369 657 4419 Mat.
669 4381 690 4416 c.
701 4365 735 4416 iii.
749 4381 792 4430 qu.
803 4381 826 4413 v.
838 4363 915 4416 citans
928 4363 989 4427 Gap.
1001 4362 1088 4425 Super,
1099 4357 1128 4410 de
1139 4359 1252 4427 recept.

251 4461 294 4527 (3)
316 4457 408 4509 Bened.
421 4456 492 4508 XIV.
505 4455 591 4506 Pastor
601 4455 688 4513 bonus,
701 4456 724 4513 ξ.
737 4453 778 4500 41.

732 4553 770 4608 32
782 4553 798 4587 ¹*
