3108 5162
268 573 328 630 870
565 565 622 626 DE
641 563 1065 628 DISPENSATIONIBUS.

306 731 366 794 Hic
379 731 493 792 taudem
505 731 659 806 aliquando
668 732 796 792 uictimuu
809 731 938 809 gradum.
959 732 1183 793 Deuuiverucre
1191 733 1356 811 theologica

265 835 313 912 egi
326 851 379 910 pru
392 831 508 892 mudule
528 849 603 902 mec,
618 832 718 890 alienis
732 831 898 890 utilitatibus
918 851 985 892 cum
1004 850 1069 892 meu
1085 831 1181 892 labore
1200 841 1231 890 et
1248 831 1356 892 damno

257 929 396 1010 tutudeuu,
410 931 466 990 uiui
486 927 564 1004 quod
575 931 687 990 lucrum
708 949 843 1008 maguum
860 939 889 988 ct
909 932 1082 992 uberrimam
1100 931 1261 990 mercedem
1281 930 1353 990 mihi

263 1030 444 1109 pullicecrin
462 1027 598 1088 dcccicc
617 1037 647 1088 et
667 1047 777 1090 morum
796 1030 953 1106 integritate
971 1029 1085 1090 tuende
1126 1030 1198 1097 Qum
1220 1029 1354 1088 Ecclesia

262 1129 398 1208 ungium
414 1127 501 1187 didici
520 1129 695 1188 certissimus
710 1129 907 1206 propugnari:
928 1146 991 1203 quc
1009 1145 1145 1207 supremo
1163 1128 1276 1206 judicio
1295 1146 1353 1188 nou

264 1237 331 1288 cunt
341 1226 456 1287 definite
468 1227 499 1286 iu
511 1245 541 1284 re
555 1245 665 1287 morum
680 1228 774 1286 miuus
788 1226 907 1286 fidenter
919 1246 1081 1305 proponere
1093 1245 1190 1287 aucus.
1234 1227 1354 1294 Omnia,

262 1335 347 1403 prout
358 1327 394 1385 ub
409 1325 500 1391 initio,
514 1324 636 1386 Summo
649 1325 769 1386 Prreeuli
792 1326 870 1386 Petri
883 1329 1042 1388 successori
1054 1325 1202 1386 humiliter
1221 1326 1353 1403 subjicio,

263 1423 298 1482 ub
311 1425 373 1500 eju·
396 1424 559 1484 auctoritate
572 1424 709 1484 uelatum
729 1425 846 1499 quidem
865 1443 991 1502 unguem
1015 1443 1141 1500 uuquam
1162 1424 1352 1484 discessurus.

262 1520 324 1582 lem
337 1539 405 1582 veru
418 1523 449 1582 iu
461 1522 515 1581 huc
529 1523 675 1583 letissima
688 1523 734 1584 die
747 1526 777 1583 in
791 1542 848 1598 qua
860 1525 979 1604 contigit
991 1543 1107 1585 murrum
1122 1525 1252 1584 ultimum
1270 1524 1351 1600 operi

261 1617 394 1679 diuburuo
407 1639 563 1698 apponere,
574 1623 686 1683 lutautc
699 1623 772 1682 coelo
785 1641 852 1682 cum
867 1624 947 1684 terrie
960 1625 997 1682 dc
1010 1633 1076 1685 uate
1093 1623 1214 1701 Virgine
1227 1623 1352 1680 Sanctiu-

261 1718 344 1786 uimn,
358 1735 470 1792 uquuru
490 1730 535 1778 eut
556 1729 587 1778 ut
605 1723 710 1799 gratiae
729 1741 811 1800 egam
831 1721 896 1780 Dec
916 1723 1115 1782 obiuuumcra
1137 1723 1167 1780 iu
1187 1739 1233 1780 me
1250 1720 1352 1778 collata

260 1817 324 1894 ejus
338 1817 470 1894 precibuu
489 1819 636 1886 beneficia,
651 1821 724 1878 inter
743 1839 805 1894 quoe
819 1829 848 1878 et
865 1820 936 1880 illud
950 1821 1026 1880 haud
1044 1821 1196 1882 minimum
1217 1820 1348 1886 habeam,

262 1913 338 1988 quud
351 1917 471 1976 consiliu
484 1918 519 1976 ud
532 1917 619 1977 fiucru
633 1918 788 1995 perducere
802 1919 955 1996 potuerim.

428 2101 607 2168 philadelphie,

311 2183 343 2232 In
355 2183 491 2238 Natiuitutc
502 2187 572 2238 Bmec
589 2185 708 2254 Verginio,

375 2269 455 2318 Arrun
473 2285 643 2320 uruccuxurr.
