<?xml version="1.0" encoding="UTF-8"?>
<!DOCTYPE html PUBLIC "-//W3C//DTD XHTML 1.0 Transitional//EN"
    "http://www.w3.org/TR/xhtml1/DTD/xhtml1-transitional.dtd">
<html xmlns="http://www.w3.org/1999/xhtml" xml:lang="en" lang="en">
 <head>
  <title>
</title>
<meta http-equiv="Content-Type" content="text/html;charset=utf-8" />
  <meta name='ocr-system' content='tesseract 3.04.00' />
  <meta name='ocr-capabilities' content='ocr_page ocr_carea ocr_par ocr_line ocrx_word'/>
</head>
<body>
  <div class='ocr_page' id='page_1' title='image "./theologiaemoral02kenrgoog_0047.png"; bbox 0 0 3124 5168; ppageno 0'>
   <div class='ocr_carea' id='block_1_1' title="bbox 231 552 1027 616">
    <p class='ocr_par' dir='ltr' id='par_1_1' title="bbox 231 552 1027 616">
     <span class='ocr_line' id='line_1_1' title="bbox 231 552 1027 616; baseline -0.005 0"><span class='ocrx_word' id='word_1_1' title='bbox 231 561 269 616; x_wconf 73' lang='lat'>28</span> <span class='ocrx_word' id='word_1_2' title='bbox 523 552 580 614; x_wconf 86' lang='lat' dir='ltr'>DE</span> <span class='ocrx_word' id='word_1_3' title='bbox 602 553 797 614; x_wconf 77' lang='lat' dir='ltr'>MATERIA</span> <span class='ocrx_word' id='word_1_4' title='bbox 816 553 1027 615; x_wconf 74' lang='lat' dir='ltr'>Bthsnss.</span> 
     </span>
    </p>
   </div>
   <div class='ocr_carea' id='block_1_2' title="bbox 172 718 1329 2591">
    <p class='ocr_par' dir='ltr' id='par_1_2' title="bbox 236 718 1329 1198">
     <span class='ocr_line' id='line_1_2' title="bbox 237 718 1327 800; baseline -0.001 -18"><span class='ocrx_word' id='word_1_5' title='bbox 237 723 357 800; x_wconf 79' lang='lat' dir='ltr'>precise</span> <span class='ocrx_word' id='word_1_6' title='bbox 370 719 504 782; x_wconf 84' lang='lat' dir='ltr'>effectum</span> <span class='ocrx_word' id='word_1_7' title='bbox 523 719 678 782; x_wconf 77' lang='lat' dir='ltr'>benedicta</span> <span class='ocrx_word' id='word_1_8' title='bbox 694 722 779 800; x_wconf 85' lang='lat' dir='ltr'>juxta</span> <span class='ocrx_word' id='word_1_9' title='bbox 790 721 989 798; x_wconf 80' lang='lat' dir='ltr'>praescriptum</span> <span class='ocrx_word' id='word_1_10' title='bbox 1009 719 1132 781; x_wconf 83' lang='lat' dir='ltr'>Ritualis</span> <span class='ocrx_word' id='word_1_11' title='bbox 1151 718 1327 781; x_wconf 60' lang='lat' dir='ltr'>Romanum</span> 
     </span>
     <span class='ocr_line' id='line_1_3' title="bbox 239 817 1326 899; baseline 0 -18"><span class='ocrx_word' id='word_1_12' title='bbox 239 820 321 881; x_wconf 90' lang='lat' dir='ltr'>Idem</span> <span class='ocrx_word' id='word_1_13' title='bbox 337 821 426 899; x_wconf 88' lang='lat' dir='ltr'>jussit</span> <span class='ocrx_word' id='word_1_14' title='bbox 445 821 600 881; x_wconf 88' lang='lat' dir='ltr'>concilium</span> <span class='ocrx_word' id='word_1_15' title='bbox 622 820 832 880; x_wconf 86' lang='lat' dir='ltr'>Baltiuroranse</span> <span class='ocrx_word' id='word_1_16' title='bbox 852 820 876 881; x_wconf 91' lang='grc' dir='ltr'>Ι.</span> <span class='ocrx_word' id='word_1_17' title='bbox 897 819 1055 880; x_wconf 88' lang='lat' dir='ltr'>emendans</span> <span class='ocrx_word' id='word_1_18' title='bbox 1081 817 1326 890; x_wconf 90' lang='lat' dir='ltr'>consuetudinem,</span> 
     </span>
     <span class='ocr_line' id='line_1_4' title="bbox 237 916 1329 998; baseline 0.002 -20"><span class='ocrx_word' id='word_1_19' title='bbox 237 939 301 994; x_wconf 76' lang='lat' dir='ltr'>que</span> <span class='ocrx_word' id='word_1_20' title='bbox 316 938 354 980; x_wconf 83' lang='lat' dir='ltr'>cx</span> <span class='ocrx_word' id='word_1_21' title='bbox 367 916 532 982; x_wconf 88' lang='lat' dir='ltr'>difficultate</span> <span class='ocrx_word' id='word_1_22' title='bbox 552 929 713 998; x_wconf 87' lang='lat' dir='ltr'>temporum</span> <span class='ocrx_word' id='word_1_23' title='bbox 726 920 842 980; x_wconf 87' lang='lat' dir='ltr'>inducta</span> <span class='ocrx_word' id='word_1_24' title='bbox 854 921 958 979; x_wconf 88' lang='lat' dir='ltr'>alieubi</span> <span class='ocrx_word' id='word_1_25' title='bbox 970 929 1045 979; x_wconf 87' lang='lat' dir='ltr'>erat:</span> <span class='ocrx_word' id='word_1_26' title='bbox 1066 917 1118 977; x_wconf 85' lang='lat' dir='ltr'>scd</span> <span class='ocrx_word' id='word_1_27' title='bbox 1136 921 1329 998; x_wconf 83' lang='lat' dir='ltr'>impetravita</span> 
     </span>
     <span class='ocr_line' id='line_1_5' title="bbox 238 1018 1327 1098; baseline 0 -20"><span class='ocrx_word' id='word_1_28' title='bbox 238 1018 314 1080; x_wconf 84' lang='lat' dir='ltr'>Sede</span> <span class='ocrx_word' id='word_1_29' title='bbox 340 1021 508 1098; x_wconf 65' lang='lat' dir='ltr'>apostoliea</span> <span class='ocrx_word' id='word_1_30' title='bbox 533 1030 565 1081; x_wconf 87' lang='lat' dir='ltr'>ut</span> <span class='ocrx_word' id='word_1_31' title='bbox 589 1019 711 1080; x_wconf 87' lang='lat' dir='ltr'>formula</span> <span class='ocrx_word' id='word_1_32' title='bbox 736 1020 869 1090; x_wconf 90' lang='lat' dir='ltr'>breviori,</span> <span class='ocrx_word' id='word_1_33' title='bbox 894 1019 988 1093; x_wconf 82' lang='lat' dir='ltr'>qualis</span> <span class='ocrx_word' id='word_1_34' title='bbox 1014 1021 1045 1079; x_wconf 91' lang='lat' dir='ltr'>in</span> <span class='ocrx_word' id='word_1_35' title='bbox 1070 1019 1193 1079; x_wconf 86' lang='lat' dir='ltr'>Limane</span> <span class='ocrx_word' id='word_1_36' title='bbox 1218 1018 1327 1079; x_wconf 86' lang='lat' dir='ltr'>Rituali</span> 
     </span>
     <span class='ocr_line' id='line_1_6' title="bbox 236 1118 857 1198; baseline -0.002 -20"><span class='ocrx_word' id='word_1_37' title='bbox 236 1121 384 1198; x_wconf 82' lang='lat' dir='ltr'>reperitur,</span> <span class='ocrx_word' id='word_1_38' title='bbox 398 1120 498 1179; x_wconf 88' lang='lat' dir='ltr'>liceret</span> <span class='ocrx_word' id='word_1_39' title='bbox 510 1121 540 1179; x_wconf 91' lang='lat' dir='ltr'>in</span> <span class='ocrx_word' id='word_1_40' title='bbox 553 1139 587 1179; x_wconf 91' lang='lat' dir='ltr'>ea</span> <span class='ocrx_word' id='word_1_41' title='bbox 599 1118 794 1180; x_wconf 89' lang='lat' dir='ltr'>benedicenda</span> <span class='ocrx_word' id='word_1_42' title='bbox 805 1119 857 1178; x_wconf 89' lang='lat' dir='ltr'>uti.</span> 
     </span>
    </p>

    <p class='ocr_par' dir='ltr' id='par_1_3' title="bbox 172 1217 1329 2591">
     <span class='ocr_line' id='line_1_7' title="bbox 275 1217 1328 1292; baseline -0.004 -14"><span class='ocrx_word' id='word_1_43' title='bbox 275 1225 305 1278; x_wconf 80' lang='lat'>2.</span> <span class='ocrx_word' id='word_1_44' title='bbox 328 1219 424 1287; x_wconf 84' lang='lat' dir='ltr'>Quum</span> <span class='ocrx_word' id='word_1_45' title='bbox 437 1238 511 1292; x_wconf 91' lang='lat' dir='ltr'>aqua</span> <span class='ocrx_word' id='word_1_46' title='bbox 522 1219 616 1278; x_wconf 88' lang='lat' dir='ltr'>omnis</span> <span class='ocrx_word' id='word_1_47' title='bbox 629 1219 764 1278; x_wconf 88' lang='lat' dir='ltr'>naturalis</span> <span class='ocrx_word' id='word_1_48' title='bbox 778 1217 881 1277; x_wconf 88' lang='lat' dir='ltr'>idonea</span> <span class='ocrx_word' id='word_1_49' title='bbox 893 1218 931 1276; x_wconf 91' lang='lat' dir='ltr'>sit</span> <span class='ocrx_word' id='word_1_50' title='bbox 944 1217 1089 1287; x_wconf 87' lang='lat' dir='ltr'>ablutioni,</span> <span class='ocrx_word' id='word_1_51' title='bbox 1103 1217 1266 1276; x_wconf 89' lang='lat' dir='ltr'>communis</span> <span class='ocrx_word' id='word_1_52' title='bbox 1283 1227 1328 1275; x_wconf 90' lang='lat' dir='ltr'>est</span> 
     </span>
     <span class='ocr_line' id='line_1_8' title="bbox 237 1316 1327 1396; baseline -0.002 -18"><span class='ocrx_word' id='word_1_53' title='bbox 237 1321 377 1378; x_wconf 88' lang='lat' dir='ltr'>sententia</span> <span class='ocrx_word' id='word_1_54' title='bbox 390 1337 493 1393; x_wconf 85' lang='lat' dir='ltr'>aquam</span> <span class='ocrx_word' id='word_1_55' title='bbox 503 1337 540 1378; x_wconf 83' lang='lat' dir='ltr'>ex</span> <span class='ocrx_word' id='word_1_56' title='bbox 553 1319 629 1387; x_wconf 90' lang='lat' dir='ltr'>nive,</span> <span class='ocrx_word' id='word_1_57' title='bbox 640 1319 742 1396; x_wconf 88' lang='lat' dir='ltr'>glacie,</span> <span class='ocrx_word' id='word_1_58' title='bbox 757 1318 804 1377; x_wconf 90' lang='lat' dir='ltr'>vel</span> <span class='ocrx_word' id='word_1_59' title='bbox 816 1316 952 1395; x_wconf 83' lang='lat' dir='ltr'>grandine</span> <span class='ocrx_word' id='word_1_60' title='bbox 966 1317 1130 1386; x_wconf 82' lang='lat' dir='ltr'>resolutam,</span> <span class='ocrx_word' id='word_1_61' title='bbox 1144 1335 1208 1376; x_wconf 88' lang='lat' dir='ltr'>esse</span> <span class='ocrx_word' id='word_1_62' title='bbox 1222 1325 1327 1376; x_wconf 84' lang='lat' dir='ltr'>certam</span> 
     </span>
     <span class='ocr_line' id='line_1_9' title="bbox 235 1415 1327 1494; baseline -0.004 -16"><span class='ocrx_word' id='word_1_63' title='bbox 235 1419 383 1478; x_wconf 83' lang='lat' dir='ltr'><strong>materiam</strong></span> <span class='ocrx_word' id='word_1_64' title='bbox 409 1419 598 1486; x_wconf 84' lang='lat' dir='ltr'>sacramenti;</span> <span class='ocrx_word' id='word_1_65' title='bbox 625 1418 693 1476; x_wconf 86' lang='lat' dir='ltr'>item</span> <span class='ocrx_word' id='word_1_66' title='bbox 721 1435 825 1493; x_wconf 88' lang='lat' dir='ltr'>aquam</span> <span class='ocrx_word' id='word_1_67' title='bbox 851 1415 1003 1485; x_wconf 78' lang='lat' dir='ltr'><strong>turbidam,</strong></span> <span class='ocrx_word' id='word_1_68' title='bbox 1025 1416 1117 1490; x_wconf 85' lang='lat' dir='ltr'>qualis</span> <span class='ocrx_word' id='word_1_69' title='bbox 1137 1426 1203 1494; x_wconf 87' lang='lat' dir='ltr'>post</span> <span class='ocrx_word' id='word_1_70' title='bbox 1221 1417 1327 1474; x_wconf 78' lang='lat' dir='ltr'>imbres</span> 
     </span>
     <span class='ocr_line' id='line_1_10' title="bbox 236 1513 1328 1595; baseline -0.002 -19"><span class='ocrx_word' id='word_1_71' title='bbox 236 1518 420 1577; x_wconf 89' lang='lat' dir='ltr'>vehementes</span> <span class='ocrx_word' id='word_1_72' title='bbox 434 1518 464 1577; x_wconf 94' lang='lat' dir='ltr'>in</span> <span class='ocrx_word' id='word_1_73' title='bbox 477 1517 644 1578; x_wconf 83' lang='lat' dir='ltr'>fluminibus</span> <span class='ocrx_word' id='word_1_74' title='bbox 659 1527 794 1595; x_wconf 87' lang='lat' dir='ltr'>apparet;</span> <span class='ocrx_word' id='word_1_75' title='bbox 809 1517 855 1574; x_wconf 89' lang='lat' dir='ltr'>vel</span> <span class='ocrx_word' id='word_1_76' title='bbox 865 1513 937 1574; x_wconf 84' lang='lat' dir='ltr'>aliais</span> <span class='ocrx_word' id='word_1_77' title='bbox 950 1517 1074 1585; x_wconf 79' lang='lat' dir='ltr'>mistam,</span> <span class='ocrx_word' id='word_1_78' title='bbox 1090 1515 1328 1589; x_wconf 82' lang='lat' dir='ltr'>quandocumque</span> 
     </span>
     <span class='ocr_line' id='line_1_11' title="bbox 172 1616 1326 1694; baseline -0.003 -18"><span class='ocrx_word' id='word_1_79' title='bbox 172 1637 175 1644; x_wconf 53' lang='lat'><em>¹</em></span> <span class='ocrx_word' id='word_1_80' title='bbox 236 1618 371 1694; x_wconf 85' lang='lat' dir='ltr'>praevalet</span> <span class='ocrx_word' id='word_1_81' title='bbox 396 1618 481 1676; x_wconf 85' lang='lat' dir='ltr'>rebus</span> <span class='ocrx_word' id='word_1_82' title='bbox 507 1617 666 1676; x_wconf 82' lang='lat' dir='ltr'>immixtis:</span> <span class='ocrx_word' id='word_1_83' title='bbox 691 1618 760 1676; x_wconf 90' lang='lat' dir='ltr'>item</span> <span class='ocrx_word' id='word_1_84' title='bbox 781 1634 884 1689; x_wconf 88' lang='lat' dir='ltr'>aquam</span> <span class='ocrx_word' id='word_1_85' title='bbox 904 1616 1098 1692; x_wconf 83' lang='lat' dir='ltr'>sulphuream,</span> <span class='ocrx_word' id='word_1_86' title='bbox 1121 1617 1165 1675; x_wconf 89' lang='lat' dir='ltr'>vel</span> <span class='ocrx_word' id='word_1_87' title='bbox 1188 1616 1326 1682; x_wconf 83' lang='lat' dir='ltr'>clausam,</span> 
     </span>
     <span class='ocr_line' id='line_1_12' title="bbox 236 1701 1326 1792; baseline -0.001 -18"><span class='ocrx_word' id='word_1_88' title='bbox 236 1717 328 1790; x_wconf 87' lang='lat' dir='ltr'>qualis</span> <span class='ocrx_word' id='word_1_89' title='bbox 355 1717 384 1774; x_wconf 92' lang='lat' dir='ltr'>in</span> <span class='ocrx_word' id='word_1_90' title='bbox 416 1701 638 1792; x_wconf 85' lang='lat' dir='ltr'>Pennsylvaniae</span> <span class='ocrx_word' id='word_1_91' title='bbox 664 1716 758 1776; x_wconf 89' lang='lat' dir='ltr'>rivulo</span> <span class='ocrx_word' id='word_1_92' title='bbox 784 1714 919 1790; x_wconf 86' lang='lat' dir='ltr'>quedam,</span> <span class='ocrx_word' id='word_1_93' title='bbox 947 1717 978 1774; x_wconf 91' lang='lat' dir='ltr'>in</span> <span class='ocrx_word' id='word_1_94' title='bbox 1003 1715 1137 1774; x_wconf 88' lang='lat' dir='ltr'>comitatu</span> <span class='ocrx_word' id='word_1_95' title='bbox 1164 1713 1326 1782; x_wconf 82' lang='lat' dir='ltr'>Orawford,</span> 
     </span>
     <span class='ocr_line' id='line_1_13' title="bbox 234 1814 1327 1893; baseline -0.002 -19"><span class='ocrx_word' id='word_1_96' title='bbox 234 1815 363 1874; x_wconf 88' lang='lat' dir='ltr'>habetur.</span> <span class='ocrx_word' id='word_1_97' title='bbox 406 1816 528 1874; x_wconf 79' lang='lat' dir='ltr'>Materia</span> <span class='ocrx_word' id='word_1_98' title='bbox 540 1814 625 1874; x_wconf 90' lang='lat' dir='ltr'>dubia</span> <span class='ocrx_word' id='word_1_99' title='bbox 639 1824 771 1874; x_wconf 88' lang='lat' dir='ltr'>censetur</span> <span class='ocrx_word' id='word_1_100' title='bbox 785 1816 835 1893; x_wconf 86' lang='lat' dir='ltr'>jus</span> <span class='ocrx_word' id='word_1_101' title='bbox 848 1824 877 1872; x_wconf 87' lang='lat' dir='ltr'>et</span> <span class='ocrx_word' id='word_1_102' title='bbox 889 1815 998 1884; x_wconf 83' lang='lat' dir='ltr'>lixivia,</span> <span class='ocrx_word' id='word_1_103' title='bbox 1013 1833 1086 1887; x_wconf 89' lang='lat' dir='ltr'>aqua</span> <span class='ocrx_word' id='word_1_104' title='bbox 1099 1832 1137 1873; x_wconf 85' lang='lat' dir='ltr'>ex</span> <span class='ocrx_word' id='word_1_105' title='bbox 1150 1815 1209 1874; x_wconf 87' lang='lat' dir='ltr'>sale</span> <span class='ocrx_word' id='word_1_106' title='bbox 1222 1815 1327 1881; x_wconf 89' lang='lat' dir='ltr'>soluto,</span> 
     </span>
     <span class='ocr_line' id='line_1_14' title="bbox 236 1913 1327 1996; baseline -0.001 -24"><span class='ocrx_word' id='word_1_107' title='bbox 236 1917 373 1996; x_wconf 75' lang='lat' dir='ltr'>cerevisia</span> <span class='ocrx_word' id='word_1_108' title='bbox 386 1916 489 1984; x_wconf 90' lang='lat' dir='ltr'>tenuis,</span> <span class='ocrx_word' id='word_1_109' title='bbox 504 1924 532 1973; x_wconf 91' lang='lat' dir='ltr'>et</span> <span class='ocrx_word' id='word_1_110' title='bbox 545 1933 618 1987; x_wconf 86' lang='lat' dir='ltr'>aqua</span> <span class='ocrx_word' id='word_1_111' title='bbox 633 1933 686 1992; x_wconf 88' lang='lat' dir='ltr'>per</span> <span class='ocrx_word' id='word_1_112' title='bbox 699 1923 788 1974; x_wconf 88' lang='lat' dir='ltr'>artem</span> <span class='ocrx_word' id='word_1_113' title='bbox 806 1913 997 1990; x_wconf 85' lang='lat' dir='ltr'>alchymicam</span> <span class='ocrx_word' id='word_1_114' title='bbox 1010 1933 1048 1974; x_wconf 84' lang='lat' dir='ltr'>ex</span> <span class='ocrx_word' id='word_1_115' title='bbox 1068 1914 1198 1983; x_wconf 86' lang='lat' dir='ltr'>floribus,</span> <span class='ocrx_word' id='word_1_116' title='bbox 1212 1914 1327 1992; x_wconf 88' lang='lat' dir='ltr'>plantis,</span> 
     </span>
     <span class='ocr_line' id='line_1_15' title="bbox 236 2014 1328 2091; baseline -0.001 -19"><span class='ocrx_word' id='word_1_117' title='bbox 236 2025 283 2072; x_wconf 86' lang='lat' dir='ltr'>aut</span> <span class='ocrx_word' id='word_1_118' title='bbox 302 2014 444 2074; x_wconf 85' lang='lat' dir='ltr'>radicibus</span> <span class='ocrx_word' id='word_1_119' title='bbox 462 2014 571 2073; x_wconf 88' lang='lat' dir='ltr'>educta.</span> <span class='ocrx_word' id='word_1_120' title='bbox 609 2014 705 2073; x_wconf 85' lang='lat' dir='ltr'>Saliva</span> <span class='ocrx_word' id='word_1_121' title='bbox 719 2024 763 2073; x_wconf 89' lang='lat' dir='ltr'>est</span> <span class='ocrx_word' id='word_1_122' title='bbox 778 2015 898 2072; x_wconf 87' lang='lat' dir='ltr'>omnino</span> <span class='ocrx_word' id='word_1_123' title='bbox 914 2015 1028 2091; x_wconf 87' lang='lat' dir='ltr'>inepta;</span> <span class='ocrx_word' id='word_1_124' title='bbox 1052 2022 1148 2074; x_wconf 86' lang='lat' dir='ltr'>“cum</span> <span class='ocrx_word' id='word_1_125' title='bbox 1170 2033 1222 2091; x_wconf 89' lang='lat' dir='ltr'>per</span> <span class='ocrx_word' id='word_1_126' title='bbox 1236 2033 1328 2073; x_wconf 83' lang='lat' dir='ltr'>sacra-</span> 
     </span>
     <span class='ocr_line' id='line_1_16' title="bbox 234 2109 1329 2192; baseline 0.002 -22"><span class='ocrx_word' id='word_1_127' title='bbox 234 2123 363 2172; x_wconf 89' lang='lat' dir='ltr'>mentum</span> <span class='ocrx_word' id='word_1_128' title='bbox 381 2114 516 2189; x_wconf 86' lang='lat' dir='ltr'>baptismi</span> <span class='ocrx_word' id='word_1_129' title='bbox 534 2131 593 2172; x_wconf 89' lang='lat' dir='ltr'>non</span> <span class='ocrx_word' id='word_1_130' title='bbox 618 2131 820 2191; x_wconf 85' lang='lat' dir='ltr'>regeneremur</span> <span class='ocrx_word' id='word_1_131' title='bbox 838 2113 868 2171; x_wconf 91' lang='lat' dir='ltr'>in</span> <span class='ocrx_word' id='word_1_132' title='bbox 889 2112 1065 2192; x_wconf 86' lang='lat' dir='ltr'>phlegmate,</span> <span class='ocrx_word' id='word_1_133' title='bbox 1081 2113 1132 2173; x_wconf 91' lang='lat' dir='ltr'>sed</span> <span class='ocrx_word' id='word_1_134' title='bbox 1154 2114 1183 2173; x_wconf 91' lang='lat' dir='ltr'>in</span> <span class='ocrx_word' id='word_1_135' title='bbox 1198 2109 1329 2188; x_wconf 74' lang='lat' dir='ltr'>aqua:&#39;&#39;2</span> 
     </span>
     <span class='ocr_line' id='line_1_17' title="bbox 235 2211 1327 2290; baseline 0.004 -22"><span class='ocrx_word' id='word_1_136' title='bbox 235 2212 287 2270; x_wconf 87' lang='lat' dir='ltr'>sed</span> <span class='ocrx_word' id='word_1_137' title='bbox 308 2231 382 2285; x_wconf 88' lang='lat' dir='ltr'>aqna</span> <span class='ocrx_word' id='word_1_138' title='bbox 401 2212 450 2270; x_wconf 84' lang='lat' dir='ltr'>dre</span> <span class='ocrx_word' id='word_1_139' title='bbox 470 2211 579 2280; x_wconf 86' lang='lat' dir='ltr'>hausta,</span> <span class='ocrx_word' id='word_1_140' title='bbox 593 2221 623 2271; x_wconf 92' lang='lat' dir='ltr'>et</span> <span class='ocrx_word' id='word_1_141' title='bbox 641 2211 778 2290; x_wconf 88' lang='lat' dir='ltr'>deinceps</span> <span class='ocrx_word' id='word_1_142' title='bbox 793 2215 823 2272; x_wconf 94' lang='lat' dir='ltr'>in</span> <span class='ocrx_word' id='word_1_143' title='bbox 836 2223 921 2290; x_wconf 90' lang='lat' dir='ltr'>caput</span> <span class='ocrx_word' id='word_1_144' title='bbox 939 2213 1041 2282; x_wconf 85' lang='lat' dir='ltr'>effusa,</span> <span class='ocrx_word' id='word_1_145' title='bbox 1054 2213 1159 2273; x_wconf 91' lang='lat' dir='ltr'>idonea</span> <span class='ocrx_word' id='word_1_146' title='bbox 1171 2223 1224 2282; x_wconf 87' lang='lat' dir='ltr'>est,</span> <span class='ocrx_word' id='word_1_147' title='bbox 1239 2232 1327 2286; x_wconf 89' lang='lat' dir='ltr'>quum</span> 
     </span>
     <span class='ocr_line' id='line_1_18' title="bbox 234 2311 1327 2392; baseline 0.003 -24"><span class='ocrx_word' id='word_1_148' title='bbox 234 2314 296 2390; x_wconf 87' lang='lat' dir='ltr'>ejus</span> <span class='ocrx_word' id='word_1_149' title='bbox 305 2322 404 2371; x_wconf 88' lang='lat' dir='ltr'>natura</span> <span class='ocrx_word' id='word_1_150' title='bbox 413 2311 724 2372; x_wconf 84' lang='lat' dir='ltr'>nonmuteturhanstu.</span> <span class='ocrx_word' id='word_1_151' title='bbox 752 2313 818 2372; x_wconf 86' lang='lat' dir='ltr'>Hac</span> <span class='ocrx_word' id='word_1_152' title='bbox 830 2313 939 2372; x_wconf 86' lang='lat' dir='ltr'>ratione</span> <span class='ocrx_word' id='word_1_153' title='bbox 953 2314 1086 2392; x_wconf 87' lang='lat' dir='ltr'>baptizati</span> <span class='ocrx_word' id='word_1_154' title='bbox 1097 2325 1164 2374; x_wconf 88' lang='lat' dir='ltr'>sunt</span> <span class='ocrx_word' id='word_1_155' title='bbox 1174 2313 1327 2388; x_wconf 88' lang='lat' dir='ltr'>aliqnando</span> 
     </span>
     <span class='ocr_line' id='line_1_19' title="bbox 236 2412 1329 2492; baseline 0 -22"><span class='ocrx_word' id='word_1_156' title='bbox 236 2412 368 2472; x_wconf 82' lang='lat' dir='ltr'>infantuli</span> <span class='ocrx_word' id='word_1_157' title='bbox 382 2412 521 2480; x_wconf 85' lang='lat' dir='ltr'>merituri,</span> <span class='ocrx_word' id='word_1_158' title='bbox 537 2429 636 2485; x_wconf 89' lang='lat' dir='ltr'>quum,</span> <span class='ocrx_word' id='word_1_159' title='bbox 651 2414 688 2471; x_wconf 93' lang='lat' dir='ltr'>ob</span> <span class='ocrx_word' id='word_1_160' title='bbox 702 2422 834 2491; x_wconf 88' lang='lat' dir='ltr'>parentes</span> <span class='ocrx_word' id='word_1_161' title='bbox 846 2425 1049 2492; x_wconf 88' lang='lat' dir='ltr'>repugnantes,</span> <span class='ocrx_word' id='word_1_162' title='bbox 1064 2433 1137 2489; x_wconf 88' lang='lat' dir='ltr'>aqua</span> <span class='ocrx_word' id='word_1_163' title='bbox 1146 2433 1213 2473; x_wconf 89' lang='lat' dir='ltr'>vase</span> <span class='ocrx_word' id='word_1_164' title='bbox 1226 2412 1329 2473; x_wconf 85' lang='lat' dir='ltr'>deferri</span> 
     </span>
     <span class='ocr_line' id='line_1_20' title="bbox 235 2511 1325 2591; baseline -0.002 -19"><span class='ocrx_word' id='word_1_165' title='bbox 235 2531 293 2572; x_wconf 89' lang='lat' dir='ltr'>non</span> <span class='ocrx_word' id='word_1_166' title='bbox 315 2520 422 2591; x_wconf 86' lang='lat' dir='ltr'>posset.</span> <span class='ocrx_word' id='word_1_167' title='bbox 465 2511 568 2570; x_wconf 86' lang='lat' dir='ltr'>Utrum</span> <span class='ocrx_word' id='word_1_168' title='bbox 596 2511 687 2571; x_wconf 89' lang='lat' dir='ltr'>calida</span> <span class='ocrx_word' id='word_1_169' title='bbox 712 2515 759 2582; x_wconf 90' lang='lat' dir='ltr'>sit,</span> <span class='ocrx_word' id='word_1_170' title='bbox 780 2513 826 2571; x_wconf 92' lang='lat' dir='ltr'>vel</span> <span class='ocrx_word' id='word_1_171' title='bbox 851 2511 953 2590; x_wconf 84' lang='lat' dir='ltr'>frigida</span> <span class='ocrx_word' id='word_1_172' title='bbox 972 2512 1013 2572; x_wconf 90' lang='lat' dir='ltr'>nil</span> <span class='ocrx_word' id='word_1_173' title='bbox 1038 2514 1173 2572; x_wconf 82' lang='lat' dir='ltr'>interest:</span> <span class='ocrx_word' id='word_1_174' title='bbox 1200 2512 1325 2587; x_wconf 87' lang='lat' dir='ltr'>ideoque</span> 
     </span>
    </p>
   </div>
   <div class='ocr_carea' id='block_1_3' title="bbox 229 2610 1326 2788">
    <p class='ocr_par' dir='ltr' id='par_1_4' title="bbox 229 2610 1326 2788">
     <span class='ocr_line' id='line_1_21' title="bbox 233 2610 1326 2697; baseline 0.001 -27"><span class='ocrx_word' id='word_1_175' title='bbox 233 2613 404 2689; x_wconf 86' lang='lat' dir='ltr'>permittitur</span> <span class='ocrx_word' id='word_1_176' title='bbox 428 2610 571 2670; x_wconf 88' lang='lat' dir='ltr'>modicam</span> <span class='ocrx_word' id='word_1_177' title='bbox 597 2629 701 2685; x_wconf 81' lang='lat' dir='ltr'>aquarn</span> <span class='ocrx_word' id='word_1_178' title='bbox 727 2612 850 2697; x_wconf 87' lang='lat' dir='ltr'>calidam</span> <span class='ocrx_word' id='word_1_179' title='bbox 875 2630 954 2684; x_wconf 81' lang='lat' dir='ltr'>aquae</span> <span class='ocrx_word' id='word_1_180' title='bbox 990 2611 1162 2688; x_wconf 86' lang='lat' dir='ltr'>baptismali,</span> <span class='ocrx_word' id='word_1_181' title='bbox 1191 2612 1216 2669; x_wconf 89' lang='lat' dir='ltr'>si</span> <span class='ocrx_word' id='word_1_182' title='bbox 1240 2613 1326 2671; x_wconf 89' lang='lat' dir='ltr'>nimis</span> 
     </span>
     <span class='ocr_line' id='line_1_22' title="bbox 229 2703 589 2788; baseline 0 -20"><span class='ocrx_word' id='word_1_183' title='bbox 229 2710 334 2788; x_wconf 80' lang='lat' dir='ltr'>frigida</span> <span class='ocrx_word' id='word_1_184' title='bbox 346 2712 391 2777; x_wconf 86' lang='lat' dir='ltr'>sit,</span> <span class='ocrx_word' id='word_1_185' title='bbox 406 2703 589 2768; x_wconf 80' lang='lat' dir='ltr'>admiscere.³</span> 
     </span>
    </p>
   </div>
   <div class='ocr_carea' id='block_1_4' title="bbox 175 2913 1320 3155">
    <p class='ocr_par' dir='ltr' id='par_1_5' title="bbox 175 2913 1320 3155">
     <span class='ocr_line' id='line_1_23' title="bbox 175 2913 849 2984; baseline 0.006 -22"><span class='ocrx_word' id='word_1_186' title='bbox 175 2939 181 2942; x_wconf 98' lang='lat'>-</span> <span class='ocrx_word' id='word_1_187' title='bbox 268 2916 311 2982; x_wconf 92' lang='lat'>(1)</span> <span class='ocrx_word' id='word_1_188' title='bbox 331 2913 417 2964; x_wconf 79' lang='lat' dir='ltr'>Cariat.</span> <span class='ocrx_word' id='word_1_189' title='bbox 428 2914 498 2967; x_wconf 76' lang='lat' dir='ltr'>irater</span> <span class='ocrx_word' id='word_1_190' title='bbox 507 2915 663 2984; x_wconf 72' lang='lat' dir='ltr'>omnigenas,</span> <span class='ocrx_word' id='word_1_191' title='bbox 675 2921 690 2966; x_wconf 82' lang='lat'><strong>2</strong></span> <span class='ocrx_word' id='word_1_192' title='bbox 703 2917 762 2968; x_wconf 84' lang='lat' dir='ltr'>Feb.</span> <span class='ocrx_word' id='word_1_193' title='bbox 777 2918 849 2968; x_wconf 76' lang='lat'><strong>1744.</strong></span> 
     </span>
     <span class='ocr_line' id='line_1_24' title="bbox 267 2999 1320 3068; baseline 0.003 -19"><span class='ocrx_word' id='word_1_194' title='bbox 267 3001 309 3068; x_wconf 79' lang='lat'>(2)</span> <span class='ocrx_word' id='word_1_195' title='bbox 330 2999 392 3066; x_wconf 83' lang='lat' dir='ltr'>Cap.</span> <span class='ocrx_word' id='word_1_196' title='bbox 403 2999 433 3052; x_wconf 91' lang='lat' dir='ltr'>In</span> <span class='ocrx_word' id='word_1_197' title='bbox 444 3000 548 3066; x_wconf 85' lang='lat' dir='ltr'>quedam</span> <span class='ocrx_word' id='word_1_198' title='bbox 559 3009 648 3064; x_wconf 80' lang='lat' dir='ltr'>nostra,</span> <span class='ocrx_word' id='word_1_199' title='bbox 659 3002 688 3055; x_wconf 76' lang='lat' dir='ltr'>de</span> <span class='ocrx_word' id='word_1_200' title='bbox 704 3001 746 3054; x_wconf 82' lang='lat' dir='ltr'>cel.</span> <span class='ocrx_word' id='word_1_201' title='bbox 765 3003 835 3054; x_wconf 77' lang='grc' dir='ltr'><strong><em>Μῐεε.</em></strong></span> <span class='ocrx_word' id='word_1_202' title='bbox 853 3002 917 3052; x_wconf 90' lang='lat' dir='ltr'>Vide</span> <span class='ocrx_word' id='word_1_203' title='bbox 935 3018 986 3068; x_wconf 87' lang='lat' dir='ltr'>cap.</span> <span class='ocrx_word' id='word_1_204' title='bbox 1007 3001 1068 3064; x_wconf 86' lang='lat' dir='ltr'>Non</span> <span class='ocrx_word' id='word_1_205' title='bbox 1083 3007 1112 3052; x_wconf 91' lang='lat' dir='ltr'>ut</span> <span class='ocrx_word' id='word_1_206' title='bbox 1132 3015 1273 3067; x_wconf 76' lang='lat' dir='ltr'>apponeres,</span> <span class='ocrx_word' id='word_1_207' title='bbox 1291 2999 1320 3052; x_wconf 81' lang='lat' dir='ltr'>de</span> 
     </span>
     <span class='ocr_line' id='line_1_25' title="bbox 231 3086 976 3155; baseline 0 -19"><span class='ocrx_word' id='word_1_208' title='bbox 231 3086 307 3152; x_wconf 85' lang='lat' dir='ltr'>Bapt.</span> <span class='ocrx_word' id='word_1_209' title='bbox 783 3089 825 3155; x_wconf 81' lang='lat'>(3)</span> <span class='ocrx_word' id='word_1_210' title='bbox 845 3087 894 3138; x_wconf 84' lang='lat' dir='ltr'>Rit.</span> <span class='ocrx_word' id='word_1_211' title='bbox 906 3088 976 3138; x_wconf 86' lang='lat' dir='ltr'>Rom.</span> 
     </span>
    </p>
   </div>
   <div class='ocr_carea' id='block_1_5' title="bbox 0 0 1566 5168">
    <p class='ocr_par' dir='ltr' id='par_1_6' title="bbox 0 0 1566 5168">
     <span class='ocr_line' id='line_1_26' title="bbox 0 0 1566 5168; baseline 0 1"><span class='ocrx_word' id='word_1_212' title='bbox 0 0 1566 5168; x_wconf 95' lang='lat' dir='ltr'> </span> 
     </span>
    </p>
   </div>
  </div>
 </body>
</html>
