3124 5168
236 571 274 626 58
522 563 580 624 DE
602 563 796 623 SOLEMNI
816 557 1040 624 enPTISMO.

276 734 324 789 61.
348 729 543 789 caeremonias
557 750 573 787 a
586 731 728 806 baptismo
742 731 807 806 ipso
823 748 965 806 separare,
979 729 1064 788 etiem
1078 729 1114 788 ad
1128 741 1253 806 tempus,
1267 747 1325 788 non

236 829 312 898 licet,
327 830 383 886 nisi
402 829 497 906 gravis
516 837 615 906 urgeat
634 830 801 897 necessitas,
816 846 853 886 ex
872 837 967 887 mente
985 828 1063 886 enim
1077 837 1105 886 et
1124 827 1326 888 consuetudine

237 927 378 986 Ecclesiae
390 929 618 1005 conjunguntur:
642 927 789 986 “mortale
803 925 868 985 est”
883 927 1108 1000 inquitllntoine
1117 927 1183 986 loco
1196 927 1326 1004 superius

239 1025 365 1094 laudato,
387 1035 407 1062 “
419 1033 498 1085 extra
516 1026 715 1085 necessitatem
734 1026 877 1103 baptizare
898 1026 960 1083 sine
980 1021 1158 1084 solemnitate
1174 1067 1181 1084 .
1195 1067 1202 1083 .
1216 1067 1223 1083 .
1237 1066 1244 1082 .
1259 1024 1328 1097 quia

239 1125 372 1184 Ecclesia
391 1125 428 1185 ob
446 1123 586 1183 honorem
606 1125 774 1182 sacramenti
794 1124 987 1182 solemnitates
1007 1125 1130 1201 graviter
1149 1118 1328 1201 precipit.”¹

239 1223 318 1282 Hinc
331 1224 468 1282 nonlicet
485 1223 669 1281 ceremonias
682 1223 815 1298 baptismi
828 1221 942 1280 differre
956 1222 990 1281 ad
1004 1231 1116 1298 tempus
1130 1222 1326 1298 opportunius,

237 1324 275 1380 ob
294 1340 428 1398 magnam
449 1319 692 1399 defatigationem,
706 1321 751 1378 vel
765 1322 802 1378 ob
816 1321 869 1378 iter
887 1339 958 1379 mox
977 1320 1194 1398 suscipiendum
1207 1320 1245 1378 ad·
1255 1321 1326 1377 invi-

239 1418 360 1504 sendum
375 1429 524 1497 aegrotum,
538 1421 585 1478 vel
597 1421 634 1478 ob
647 1418 844 1478 consessiones
859 1418 1024 1488 audiendas,
1037 1421 1085 1478 uel
1098 1421 1134 1478 ob
1148 1421 1328 1496 negotiorum

238 1519 363 1577 molem:
385 1519 436 1578 sed
445 1520 500 1577 nisi
510 1529 608 1597 urgeat
618 1519 718 1578 mortis
729 1520 898 1596 periculum,
910 1519 1068 1595 baptismus
1083 1520 1144 1595 ipse
1154 1516 1328 1576 differendus

239 1627 282 1676 est
307 1617 399 1676 donec
426 1619 602 1677 caeremonioe
629 1619 742 1696 possint
767 1619 884 1694 perfici:
919 1620 1014 1690 “quia
1039 1619 1225 1676 omissionem
1247 1633 1330 1675 cere·

239 1717 399 1776 munierum
414 1717 492 1775 solus
513 1735 597 1776 casus
611 1717 789 1776 necessitatis
809 1713 978 1776 excusat.’'¹
1019 1716 1122 1776 Utrum
1142 1717 1241 1775 mortis
1255 1715 1328 1792 peri·

241 1818 339 1874 culum
359 1817 523 1894 proximum
545 1818 592 1884 eit,
615 1835 673 1875 non
688 1816 773 1875 debet
785 1818 872 1875 nimis
886 1817 952 1894 angi
966 1816 1110 1884 sacerdos,
1132 1833 1219 1888 quum
1234 1823 1331 1891 agatur

241 1915 276 1974 de
291 1915 472 1974 infantibusae
486 1916 672 1994 grotantibus,
687 1917 736 1988 qui
750 1916 832 1974 facile
846 1916 1049 1993 periclitantur.

280 2019 330 2073 62.
356 2015 481 2091 Singulae
512 2017 691 2076 ceremonie
724 2013 869 2073 servande
900 2022 976 2083 sunt,
1003 2033 1056 2074 nec
1083 2013 1177 2085 aliqua
1201 2009 1330 2069 consultd

240 2113 379 2172 omittitur
399 2115 506 2187 absque
526 2116 619 2191 gravis
640 2116 750 2193 peccati
770 2114 953 2182 discrimine;
979 2132 1047 2172 uam
1067 2111 1178 2170 videtur
1202 2111 1333 2170 minister

239 2231 325 2270 suum
342 2211 485 2289 judicium
505 2213 646 2274 Ecclesiae
668 2214 795 2291 jubentis
815 2213 972 2273 auctoritati
991 2225 1173 2288 anteponere,
1194 2218 1222 2267 et
1240 2209 1332 2285 magis

240 2321 367 2369 metuere
379 2311 546 2382 cachinnos,
555 2313 601 2372 vel
609 2331 759 2372 censuram
769 2312 949 2380 adstantium,
959 2312 1117 2389 presertim
1125 2309 1333 2375 hereticorum,

243 2429 329 2483 quam
355 2412 509 2488 praesulum
535 2431 652 2474 suorum
675 2414 783 2490 justam
810 2411 1013 2472 offensionem.
1057 2409 1136 2470 Hinc
1161 2406 1334 2468 missionarii

242 2509 422 2578 Melabario'r,
436 2513 485 2582 qui
499 2512 608 2581 aliquas
628 2513 794 2575 omiserant,
809 2514 932 2583 graviter
945 2510 1113 2584 reprehensi
1126 2516 1202 2574 sunt,
1217 2516 1245 2564 et
1259 2504 1335 2583 jussi

241 2616 309 2667 sunt
333 2608 507 2682 “signanter
526 2606 655 2674 salivam,
677 2607 720 2664 sal
739 2614 768 2663 et
788 2605 1007 2674 insufflationes,
1028 2621 1091 2678 quae
1111 2622 1148 2662 ex
1168 2604 1336 2680 Apostolica

243 2704 392 2764 traditione
414 2703 565 2762 Catholica
584 2704 719 2764 Ecclesia
739 2703 849 2780 recipit,
869 2712 898 2760 et
917 2704 953 2760 ob
973 2701 1119 2763 recondita
1139 2703 1168 2761 in
1189 2703 1225 2760 iis
1246 2704 1334 2762 sacris

243 2803 420 2862 ceremoniis
433 2802 535 2860 divine
549 2820 616 2879 erga
629 2821 683 2860 nos
697 2802 830 2860 bonitatis
844 2802 992 2878 mysteria,
1003 2809 1101 2861 sancte
1115 2809 1144 2860 et
1157 2801 1335 2860 inviolabiter

242 2894 436 2960 custodire.”³
456 2899 607 2984 Concessa
619 2909 713 2960 tamen
727 2901 763 2960 iis
776 2910 821 2959 est
834 2901 1010 2977 dispensatio
1023 2901 1058 2960 ad
1071 2899 1254 2970 decennium,
1270 2918 1333 2974 que

241 2999 276 3060 ed
293 2999 371 3058 aliud
391 2999 562 3060 decennium
576 3009 728 3079 prorogata
740 3009 793 3070 est,
807 3002 838 3060 in
851 3000 963 3059 casibus
977 2999 1159 3078 specialibus,
1170 3018 1228 3059 non
1242 3007 1336 3059 autem

243 3101 350 3178 passim
363 3099 543 3161 adhibenda:
566 3119 629 3175 que
637 3119 691 3161 nos
701 3102 819 3160 minime
829 3108 948 3178 spectat.
982 3100 1138 3161 Praedictas
1151 3099 1335 3157 ceremonias

244 3200 374 3260 omittere
388 3210 526 3276 gravaest
538 3209 705 3277 peccatum:
721 3219 778 3259 eas
792 3208 886 3259 tamen
900 3219 958 3260 non
971 3200 1010 3258 ita
1021 3217 1158 3278 peragere
1172 3205 1292 3275 oportet,
1306 3204 1338 3254 ut

244 3298 400 3357 offensioni
414 3300 471 3357 sint
483 3299 529 3358 vel
549 3300 662 3369 irrisui;
684 3300 734 3359 sed
756 3299 884 3360 modeste
908 3308 937 3359 et
955 3297 1088 3359 decenter
1100 3300 1184 3377 juxta
1196 3296 1336 3358 Ecclesiae

243 3406 379 3456 mentem.
398 3415 404 3434 ¹

280 3601 322 3665 (1)
347 3597 498 3664 mama·
786 3596 1139 3664 (menestheus.

281 3683 323 3748 (³)
344 3681 407 3731 Vide
419 3681 506 3732 Const.
516 3679 651 3732 Clementis
661 3680 706 3731 XI.
718 3695 771 3745 que
782 3680 883 3746 incipit:
901 3682 945 3731 Ee
956 3677 1002 3732 itta
1013 3678 1052 3731 dte
1058 3702 1069 3737 ,-
1088 3684 1113 3728 et
1124 3675 1250 3728 Benedicti
1260 3675 1331 3727 XIV.

246 3767 290 3818 Ec
300 3781 350 3833 quo
360 3764 497 3833 singulari.
