3118 5164
239 499 278 554 44
595 489 653 549 DE
677 487 969 548 BAPTIZANDIS.

237 677 322 722 aare:
350 653 479 730 quiade
504 654 581 716 sacili
606 654 642 714 ad
667 653 864 714 infidelitatem
888 654 1023 724 redirent,
1044 671 1150 732 proper
1170 657 1328 718 naturalem

237 758 370 818 affectum
380 755 415 815 ad
429 762 571 832 parentes.
613 754 654 813 Et
666 753 732 813 ideo
744 772 804 814 non
816 753 902 812 habet
914 753 970 813 hoc
983 753 1123 814 Ecclesia
1136 756 1326 826 consuetudo,

236 855 313 932 quod
326 855 379 914 filii
393 853 552 914 infidelium
566 854 661 913 invitis
682 854 845 931 parentibus
864 848 1092 930 baptizentur.’'²
1132 853 1176 912 Ita
1192 855 1327 932 praeclare

236 955 319 1016 docet
328 955 360 1012 S.
372 954 515 1014 Thomas.
558 952 680 1013 inexitu
698 953 763 1011 vite
776 951 895 1021 scilicet,
911 951 1182 1026 “quandocumque
1195 955 1328 1014 imminet

236 1053 398 1132 periculum
423 1061 531 1114 certum
557 1054 619 1110 sive
651 1053 815 1129 proximum
841 1051 877 1110 de
902 1069 955 1109 sua
982 1045 1124 1120 morte,''²
1148 1053 1328 1130 baptizantur

236 1153 344 1227 absque
359 1151 445 1210 ullius
465 1152 579 1230 injuria,
594 1160 622 1208 et
641 1159 819 1210 sacramento
839 1159 950 1208 servata
967 1151 1141 1210 reverentia:
1162 1169 1216 1210 nec
1232 1160 1328 1212 tamen

236 1253 280 1310 vis
303 1251 361 1308 ulla
383 1249 544 1309 adhibenda
562 1258 615 1318 est,
636 1249 682 1307 vel
702 1248 773 1323 quid
792 1248 955 1308 laciendum
981 1269 1046 1309 cum
1066 1251 1148 1327 gravi
1167 1250 1327 1320 offensione

235 1347 345 1428 populi,
356 1336 546 1438 quum:nemo
561 1356 689 1408 teneatur
698 1347 827 1406 ordinem
842 1348 987 1406 societatis
1005 1348 1122 1416 violare,
1133 1358 1162 1407 et
1176 1357 1324 1426 parentum

231 1450 298 1525 jura
311 1446 454 1515 invadere,
469 1447 504 1506 ad
518 1446 740 1506 succurrendum
753 1446 864 1506 infanti.

275 1551 324 1604 30.
346 1545 555 1606 Haereticorum
568 1546 691 1604 infantes
704 1564 765 1605 non
776 1554 844 1605 aunt
855 1545 952 1603 invitis
966 1546 1130 1622 parentibus
1148 1545 1323 1623 baptizandi,

235 1663 302 1706 nam
318 1647 384 1723 jura
397 1654 546 1721 parentum
564 1644 744 1712 lederentur,
758 1653 787 1702 et
799 1659 1008 1704 sacramentum
1022 1645 1052 1703 in
1072 1643 1228 1704 discrimen
1241 1644 1326 1704 addu-

235 1753 353 1812 ceretur,
362 1746 459 1821 pueris
469 1746 499 1804 in
513 1744 615 1802 haeresi
629 1743 793 1802 educandis.
834 1743 924 1820 Igitur
934 1744 1095 1802 nullatenus
1106 1761 1170 1801 moa
1183 1743 1324 1822 gerendus

234 1853 278 1900 est
289 1844 457 1912 nutricibus,
470 1844 495 1900 si
510 1861 574 1916 qua
587 1841 707 1901 infantes
722 1841 758 1901 ad
770 1842 933 1912 ecclesiam,
948 1841 1111 1918 parentibus
1123 1841 1165 1899 nil
1177 1844 1325 1920 auspican·

235 1942 320 2008 obus,
334 1941 462 2000 deserant
474 1941 672 2018 baptizandos.

273 2044 323 2098 ³1.
344 2039 469 2098 Infantes
483 2041 717 2108 acatlrolicorum,
731 2040 792 2098 sive
804 2038 978 2116 baptismum
990 2038 1170 2114 susceperint
1182 2049 1323 2115 parentes,

233 2138 280 2196 vel
291 2157 356 2198 non
364 2140 553 2215 susceperint,
567 2150 688 2217 possunt
696 2139 835 2216 baptizari
848 2146 947 2216 rogatu
962 2146 1122 2214 parentum,
1133 2138 1159 2195 si
1169 2136 1325 2214 probabilis

233 2236 370 2316 affulgeat
389 2256 457 2314 spes
484 2239 630 2297 catholicae
653 2231 975 2297 commemorationis}
1015 2236 1062 2295 Ea
1088 2245 1181 2296 autem
1208 2236 1326 2314 affulget

235 2354 316 2413 spes,
338 2337 451 2411 quoties
472 2347 604 2413 parentes
624 2356 794 2416 persuasum
817 2337 922 2396 habent
935 2335 1118 2395 Catholicam
1131 2335 1218 2396 fidem
1231 2353 1328 2394 veram

234 2453 310 2504 esse,
324 2455 411 2510 quam
425 2436 557 2512 amplecti
576 2438 608 2495 in
627 2438 724 2496 animo
745 2437 869 2495 habent:
891 2435 936 2494 vel
955 2435 1055 2494 saltem
1070 2434 1107 2492 ad
1126 2454 1190 2494 eam
1204 2435 1326 2511 amplec-

234 2533 346 2593 tendam
375 2535 552 2608 aliquatcnua
572 2535 704 2610 dispositi
723 2534 870 2590 videntur:
891 2531 937 2590 vel
956 2534 1122 2608 permittunt
1141 2534 1252 2609 patrino
1279 2533 1325 2591 vel

234 2633 362 2690 matrinae
378 2631 537 2689 Catlrolicae
558 2633 640 2706 pueri
652 2631 858 2688 institutionem
874 2631 904 2688 in
917 2630 1003 2687 rebus
1023 2629 1102 2696 fidei,
1125 2641 1153 2688 et
1165 2631 1276 2690 nullum
1289 2649 1321 2689 se

233 2731 345 2788 obicem
365 2729 527 2805 objecturos
547 2728 727 2803 pollicentur,
748 2729 903 2799 quominus
923 2727 1004 2803 pueri
1023 2727 1111 2786 fidem
1131 2729 1324 2805 profiteantur.

233 2826 313 2886 Idem
337 2825 490 2884 dicendum
514 2845 665 2884 censemus
691 2826 716 2882 si
737 2825 868 2884 alteruter
890 2827 928 2884 sit
950 2825 988 2883 ita
1008 2826 1173 2903 dispositus.
1215 2826 1275 2885 Sed
1297 2830 1323 2887 si

233 2934 365 3002 parentes
379 2926 567 2985 ministerium
582 2922 755 2984 sacerdotale
770 2934 877 3002 petant,
891 2924 981 2984 solius
996 2927 1213 3003 opportunitatis
1227 2945 1322 2994 causa,

233 3025 278 3082 vel
310 3024 388 3098 quod
420 3025 590 3101 baptismum
621 3025 813 3084 necessarium
847 3043 911 3084 esse
943 3024 1069 3094 credant,
1102 3043 1190 3101 quum
1223 3033 1324 3082 caetera

233 3123 368 3202 pleraque
381 3124 448 3183 fidei
461 3123 594 3202 dogmata
606 3125 746 3202 rejiciant,
767 3134 796 3182 et
808 3143 913 3201 pueros
928 3123 1018 3182 velint
1030 3125 1060 3182 in
1072 3124 1176 3183 haeresi
1189 3123 1320 3192 educare,

232 3224 279 3280 vel
292 3222 327 3280 ad
341 3231 450 3281 aetatem
464 3232 601 3282 maturam
620 3226 727 3297 absque
746 3224 806 3281 ullo
826 3224 972 3301 religionis
986 3222 1158 3284 documento
1172 3231 1278 3290 tenere,
1293 3233 1324 3281 ut

232 3321 348 3379 liberius
362 3320 556 3394 maturiusque
576 3321 611 3378 de
631 3323 716 3380 rebus
729 3321 797 3381 fidei
813 3322 953 3401 judicent,
975 3331 1003 3380 ct
1023 3334 1128 3382 sectam
1142 3341 1195 3399 pro
1208 3321 1321 3380 arbitrio

232 3420 348 3498 eligant,
362 3439 421 3479 non
435 3429 568 3498 putamus
587 3419 673 3480 licere
693 3421 815 3480 insontes
835 3423 989 3497 baptizare,
1011 3439 1099 3492 quum
1113 3430 1321 3478 sacramentum

232 3519 398 3595 profanetur
416 3518 549 3577 heretica
567 3520 754 3586 institutione,
775 3520 822 3577 vel
842 3519 1017 3585 infidelitate,
1038 3519 1108 3578 adeo
1122 3519 1323 3577 verosimiliter

232 3623 372 3673 secutura.
415 3617 448 3674 S.
464 3615 560 3692 Cong.
582 3616 693 3688 lnquis.
723 3616 905 3693 Septembris
927 3633 1038 3683 mente,
1064 3621 1152 3685 1827,
1175 3618 1324 3692 perpensis

233 3732 296 3787 qua
310 3712 486 3774 decretorum
509 3715 564 3772 hac
584 3715 620 3772 de
639 3734 669 3772 re
693 3715 918 3776 moderationem
939 3717 1090 3791 importare
1108 3715 1278 3774 videbantur
1290 3717 1322 3775 in

233 3812 349 3872 ditarem
370 3813 521 3882 Bardensi,
548 3815 660 3872 censuit
684 3834 701 3871 a
721 3813 840 3872 decretis
866 3833 925 3874 non
944 3832 1009 3872 esse
1029 3814 1232 3875 recedendum.
1274 3815 1321 3875 De

233 3911 390 3971 infidelium
411 3912 479 3971 tiliis
505 3914 616 3971 censuit
635 3913 667 3971 S.
683 3911 876 3990 congregatio
896 3914 928 3971 S.
942 3913 1141 3986 inquisitionis
1155 3915 1201 3976 die
1216 3920 1234 3974 3
1248 3917 1322 3993 Maji

235 4016 323 4080 ltus,
352 4020 371 4047 “
383 4030 441 4071 non
460 4013 558 4080 licere,
579 4013 604 4070 si
627 4014 684 4072 sint
703 4013 754 4070 filii
775 4012 944 4081 infidelium,
964 4023 993 4071 et
1012 4014 1042 4072 in
1063 4023 1201 4092 potestate
1221 4033 1320 4075 eorum

233 4111 422 4186 relinquendi,
438 4113 551 4172 secluso
564 4121 658 4171 umen
672 4113 771 4172 mortis
785 4113 962 4173 imminentia
975 4114 1137 4192 periculo.’'

304 4347 346 4412 (l)
364 4346 398 4396 iii·
410 4363 435 4412 p.
446 4365 487 4412 qu.
498 4350 574 4401 lxviii.
586 4356 629 4400 art
639 4366 665 4400 x.
699 4349 775 4418 Rerp.
900 4351 942 4417 (2)
963 4350 990 4400 S.
1001 4352 1076 4419 Alpb.
1088 4354 1104 4402 1.
1115 4353 1148 4402 ri.
1159 4367 1183 4400 n.
1198 4353 1253 4399 ltu.

583 4437 625 4503 (³)
645 4435 702 4486 Can
717 4436 777 4486 xvii,
788 4435 866 4487 (lonc.
878 4435 942 4486 Brit.
954 4436 974 4486 l.
