3144 5192
421 533 479 595 DE
500 529 827 594 JURlSDIOTIONE
849 529 1138 592 CONFESSARII.
1268 537 1325 593 195

599 833 626 908 §.
641 832 697 892 Ill.
739 832 787 892 Dn
809 851 968 892 corretion.

281 1006 347 1061 113.
362 1001 465 1060 Omnis
471 1001 635 1080 jurisdictio
644 1002 675 1060 in
684 1003 812 1061 oriminis
827 1003 915 1079 turpis
929 1002 1040 1060 socium
1051 1022 1067 1060 a
1077 1001 1231 1062 Benedicto
1242 1003 1325 1062 XIV.

239 1101 348 1160 sublata
360 1110 419 1159 est:
442 1101 560 1160 vetitum
570 1101 699 1159 estenim
712 1119 748 1159 ne
762 1110 871 1159 “extra
881 1119 978 1160 casum
991 1111 1126 1160 extreme
1140 1103 1327 1169 necessitatis,

239 1199 374 1259 nimirum
387 1203 418 1259 in
431 1200 521 1277 ipsius
535 1200 635 1260 mortis
649 1200 777 1269 articulo,
792 1210 820 1258 et
831 1199 980 1259 deficiente
993 1210 1060 1260 tunc
1080 1219 1259 1275 quocumque
1273 1202 1328 1260 alio

238 1297 394 1383 sacerdote,
404 1300 453 1372 qui
463 1299 628 1359 confessarii
638 1317 742 1357 munus
753 1300 831 1357 obire
842 1299 942 1375 possit,
951 1299 1161 1358 confessionem
1170 1317 1330 1360 sacramen·

239 1397 324 1456 talem
343 1417 473 1475 persone
495 1398 645 1474 complicis
665 1399 695 1456 in
713 1407 831 1475 peccato
848 1398 921 1474 turpi
940 1408 1024 1471 atque
1047 1399 1210 1468 inhonesto,
1233 1409 1332 1458 contra

241 1506 357 1554 sextum
366 1495 495 1574 decalogi
501 1507 675 1574 praeceptum
684 1498 851 1564 commisso,
860 1498 993 1573 excipere
1006 1496 1116 1567 audeat,
1131 1498 1240 1557 sublata
1247 1517 1332 1576 prop·

242 1606 318 1653 terea
328 1594 379 1663 illi,
394 1596 458 1672 ipso
468 1597 544 1673 jure,
554 1615 733 1670 quacumque
743 1597 914 1663 auctoritate,
926 1606 954 1653 et
962 1595 1160 1674 jurisdictione
1171 1597 1206 1655 ad
1218 1598 1331 1670 qualem

242 1712 366 1768 cumque
380 1713 531 1771 personam
544 1697 579 1754 ab
592 1695 758 1774 hujusmodi
767 1689 1107 1772 culpaabsolvendam.”¹
1147 1697 1179 1754 si
1190 1698 1331 1773 poeniteus

236 1794 273 1852 r'n
287 1794 384 1852 mortis
398 1795 516 1853 articulo
538 1805 661 1869 nequeat
679 1795 767 1854 alium
790 1794 902 1870 eligere,
927 1795 1167 1872 “sinepericulo
1188 1814 1219 1852 se
1237 1799 1334 1873 ipsum

243 1891 410 1961 infamandi,
419 1893 540 1966 aliisque
554 1895 658 1953 malam
672 1896 716 1953 sui
730 1894 923 1970 suspicionem
934 1892 1115 1972 ingerendi,”
1132 1895 1183 1952 “in
1196 1912 1334 1954 eoremm

241 2000 324 2059 statu,
338 2010 396 2050 non
410 1992 553 2068 prohiberi
566 1993 744 2051 sacerdotem
767 2012 828 2051 suae
848 1992 1033 2071 impudicitiae
1054 1994 1226 2070 complicem
1240 1994 1332 2054 absol-

242 2089 330 2148 vere”
345 2091 481 2167 deinceps
500 2091 654 2151 declaravit
676 2087 838 2152 Pontiserr.2

288 2192 355 2248 144.
376 2191 684 2251 Excommunicatione
704 2192 958 2269 Papa-reservata
984 2193 1108 2251 irretitur
1132 2193 1183 2266 qui
1215 2193 1337 2253 absolvit

244 2289 415 2364 complicem
440 2291 530 2367 turpis
556 2292 674 2367 peccati,
697 2300 776 2349 extra
803 2291 902 2349 mortis
928 2289 1099 2360 discrimem
1121 2293 1151 2349 in
1171 2311 1229 2366 quo
1249 2294 1335 2352 etiam

247 2384 367 2446 eandem
389 2407 539 2448 censuram
562 2390 712 2458 contrahit,
726 2391 782 2450 nisi
803 2388 881 2463 quod
894 2390 924 2446 in
938 2407 970 2447 se
984 2397 1028 2446 est
1046 2389 1143 2448 fecerit
1160 2389 1195 2448 ad
1209 2399 1336 2450 averten-

246 2484 315 2544 dum
329 2488 454 2563 pericula
464 2489 591 2548 scandali
604 2499 631 2548 et
644 2489 779 2558 infamis,
794 2499 825 2548 ut
838 2487 909 2546 alius
922 2487 1055 2547 sacerdos
1076 2498 1244 2547 arcessatur.
1278 2490 1337 2558 Qui

245 2586 416 2663 complicem
436 2589 619 2648 confitentem
633 2589 719 2656 audit,
735 2590 805 2662 quin
818 2587 953 2656 absolvat,
967 2606 1026 2647 non
1045 2587 1157 2646 videtur
1172 2607 1336 2650 excommu-

245 2686 420 2746 nicationem
433 2689 610 2746 contrahere.
652 2688 699 2746 Ab
711 2688 765 2747 hac
778 2706 864 2766 poena
881 2706 947 2745 euru
968 2687 1079 2746 absolvi
1099 2706 1187 2765 posse
1208 2688 1243 2746 ab
1262 2690 1337 2767 epis·
1448 2738 1450 2742 .

246 2804 330 2862 copo,
345 2787 394 2844 ubi
414 2797 527 2864 recepta
547 2798 592 2846 est
617 2787 770 2865 disciplina
795 2786 975 2856 Tridentino,
989 2796 1087 2847 censet
1102 2788 1134 2846 S.
1156 2786 1336 2864 Alphonsus,

208 2955 210 2960 Ι
245 2884 385 2959 quamdiu
398 2886 538 2946 absolutio
551 2888 657 2962 abipso
671 2887 805 2965 complici
818 2886 883 2945 data
892 2887 1002 2945 occulta
1015 2896 1170 2960 estonum
1184 2888 1338 2947 concilium

248 2982 409 3044 facultatem
429 2985 574 3062 episcopis
600 2987 700 3045 fecerit
725 2981 890 3045 absolvendi
915 2986 946 3043 in
971 2987 1085 3044 casibus
1110 2986 1230 3044 occultis
1252 2988 1339 3046 etiarn

249 3082 318 3142 Sedi
331 3083 506 3161 Apostolioae
520 3077 700 3144 reservatis.³
734 3084 794 3143 Sed
806 3083 939 3144 facultate
952 3082 1118 3159 hujusmodi
1131 3101 1190 3141 non
1209 3084 1339 3143 smuntnr

250 3183 300 3258 qui
314 3183 344 3241 in
357 3184 430 3242 locis
441 3193 598 3254 vorsantur,
609 3187 639 3243 in
650 3185 753 3258 quibus
766 3183 881 3243 concilii
891 3182 1003 3241 decreta
1012 3190 1206 3242 nonsuntusu
1216 3192 1339 3260 recepta,

252 3301 340 3356 quum
354 3301 467 3356 equum
488 3303 545 3343 non
567 3285 605 3342 sit
624 3294 657 3343 ut
682 3283 823 3362 gaudeant
842 3281 1014 3350 commodis,
1028 3283 1077 3355 qui
1100 3281 1200 3341 nolunt
1222 3285 1340 3342 subesse

250 3383 340 3441 oneri.
382 3383 510 3460 Speciali
523 3393 618 3442 tamen
631 3382 750 3452 indulto,
764 3382 908 3460 episcopis
921 3381 1131 3457 provinciarum
1144 3381 1340 3441 foederatarum

250 3481 414 3540 conceditur
427 3484 462 3540 ab
471 3483 605 3542 omnibus
620 3484 733 3542 casibus
743 3479 998 3559 Sedihpostolicae
1011 3481 1160 3540 reservatis
1176 3482 1341 3542 absolvere:

252 3599 338 3655 quam
351 3580 513 3641 facultatem
527 3582 620 3641 solent
633 3583 821 3641 missionariis
834 3581 1057 3650 communicare,
1071 3601 1105 3640 ea
1118 3592 1212 3642 tamen
1233 3583 1343 3662 adjecta

253 3681 440 3757 exceptione:
464 3690 641 3755 “nunquam
663 3691 757 3740 tamon
782 3679 948 3741 absolvendi
973 3680 1145 3759 complicem
1170 3683 1199 3742 in
1226 3691 1343 3762 peccato

252 3780 329 3854 turpi
342 3788 370 3836 et
382 3780 536 3840 inhonesto
549 3791 648 3840 contra
667 3789 781 3841 sextum
795 3781 1001 3859 praeceptum.”
1035 3782 1069 3839 Si
1081 3783 1231 3859 contigerit
1250 3800 1342 3841 sacer·

253 3875 350 3934 dotem
364 3878 420 3936 hoc
439 3881 554 3940 vinculo
572 3881 654 3958 ligari
673 3883 710 3940 ob
733 3882 938 3941 absolutionem
951 3877 1052 3939 'damni
1074 3879 1219 3957 complici,
1233 3879 1344 3938 videtur

254 3993 341 4053 posse
355 3977 490 4037 absolvis
509 3979 694 4050 confessario,
707 3982 754 4040 cui
768 3979 934 4058 hujusmodi
947 3978 1065 4038 facultas
1075 3980 1114 4036 ita
1126 3988 1171 4035 est
1182 3979 1343 4037 communi·

255 4084 334 4134 cata:
350 4074 401 4134 sed
414 4076 493 4136 nulla
505 4097 621 4155 prorsus
634 4090 679 4138 est
691 4080 831 4139 absolutio
843 4076 977 4155 complici
994 4094 1141 4136 concessa.

296 4178 364 4236 145.
387 4175 503 4236 Peccati
516 4179 605 4256 turpis
618 4189 648 4238 et
666 4179 809 4239 inhonesti
827 4180 954 4246 nomine,
965 4177 1043 4235 venit
1061 4176 1126 4252 ipso
1145 4176 1178 4233 S.
1193 4174 1344 4253 Alphonso

293 4380 337 4446 (l)
358 4379 444 4430 Consi.
455 4381 751 4443 11.ini.bullarlitomo,
765 4385 776 4432 l
790 4380 860 4432 Jrnrii
873 4381 946 4430 1741.
1408 4427 1410 4432 y

294 4465 765 4536 (a)Oomtcxx.'rbid.at³eb.1rso.
937 4466 980 4533 (³)
1000 4463 1066 4516 Sese.
1077 4463 1145 4518 xxiv.
1157 4479 1210 4531 cap.
1222 4463 1315 4516 Liceat.
