<?xml version="1.0" encoding="UTF-8"?>
<!DOCTYPE html PUBLIC "-//W3C//DTD XHTML 1.0 Transitional//EN"
    "http://www.w3.org/TR/xhtml1/DTD/xhtml1-transitional.dtd">
<html xmlns="http://www.w3.org/1999/xhtml" xml:lang="en" lang="en">
 <head>
  <title>
</title>
<meta http-equiv="Content-Type" content="text/html;charset=utf-8" />
  <meta name='ocr-system' content='tesseract 3.04.00' />
  <meta name='ocr-capabilities' content='ocr_page ocr_carea ocr_par ocr_line ocrx_word'/>
</head>
<body>
  <div class='ocr_page' id='page_1' title='image "./theologiaemoral02kenrgoog_0288.png"; bbox 0 0 3144 5192; ppageno 0'>
   <div class='ocr_carea' id='block_1_1' title="bbox 600 596 1314 658">
    <p class='ocr_par' dir='ltr' id='par_1_1' title="bbox 600 596 1314 658">
     <span class='ocr_line' id='line_1_1' title="bbox 600 596 1314 658; baseline 0 -2"><span class='ocrx_word' id='word_1_1' title='bbox 600 597 746 658; x_wconf 83' lang='lat' dir='ltr'><strong>GATUT</strong></span> <span class='ocrx_word' id='word_1_2' title='bbox 766 596 947 658; x_wconf 83' lang='lat' dir='ltr'><strong>UNIOUM.</strong></span> <span class='ocrx_word' id='word_1_3' title='bbox 1257 603 1314 658; x_wconf 79' lang='lat'><strong>271</strong></span> 
     </span>
    </p>
   </div>
   <div class='ocr_carea' id='block_1_2' title="bbox 231 761 1319 1040">
    <p class='ocr_par' dir='ltr' id='par_1_2' title="bbox 231 761 1319 1040">
     <span class='ocr_line' id='line_1_2' title="bbox 231 761 1318 843; baseline -0.002 -21"><span class='ocrx_word' id='word_1_4' title='bbox 231 763 370 823; x_wconf 87' lang='lat' dir='ltr'><strong>sententia</strong></span> <span class='ocrx_word' id='word_1_5' title='bbox 389 761 545 824; x_wconf 80' lang='lat' dir='ltr'>dicentium</span> <span class='ocrx_word' id='word_1_6' title='bbox 564 765 745 843; x_wconf 83' lang='lat' dir='ltr'><strong>evangelium</strong></span> <span class='ocrx_word' id='word_1_7' title='bbox 767 763 928 822; x_wconf 84' lang='lat' dir='ltr'><strong>necessario</strong></span> <span class='ocrx_word' id='word_1_8' title='bbox 954 762 1120 822; x_wconf 88' lang='lat' dir='ltr'><strong>tradendum</strong></span> <span class='ocrx_word' id='word_1_9' title='bbox 1141 782 1216 832; x_wconf 88' lang='lat' dir='ltr'><strong>esse,</strong></span> <span class='ocrx_word' id='word_1_10' title='bbox 1242 763 1318 822; x_wconf 91' lang='lat' dir='ltr'><strong>haud</strong></span> 
     </span>
     <span class='ocr_line' id='line_1_3' title="bbox 234 864 764 940; baseline 0 -20"><span class='ocrx_word' id='word_1_11' title='bbox 234 864 342 937; x_wconf 83' lang='lat' dir='ltr'>absque</span> <span class='ocrx_word' id='word_1_12' title='bbox 355 865 434 940; x_wconf 83' lang='lat' dir='ltr'><strong>gravi</strong></span> <span class='ocrx_word' id='word_1_13' title='bbox 447 871 563 940; x_wconf 90' lang='lat' dir='ltr'><strong>peccato</strong></span> <span class='ocrx_word' id='word_1_14' title='bbox 577 866 764 923; x_wconf 86' lang='lat' dir='ltr'><strong>omitteretur.</strong></span> 
     </span>
     <span class='ocr_line' id='line_1_4' title="bbox 271 961 1319 1040; baseline -0.001 -20"><span class='ocrx_word' id='word_1_15' title='bbox 271 967 300 1020; x_wconf 88' lang='grc'><strong>7.</strong></span> <span class='ocrx_word' id='word_1_16' title='bbox 321 963 443 1021; x_wconf 80' lang='lat' dir='ltr'>Materia</span> <span class='ocrx_word' id='word_1_17' title='bbox 455 964 667 1040; x_wconf 77' lang='lat' dir='ltr'><strong>presbyteratus</strong></span> <span class='ocrx_word' id='word_1_18' title='bbox 681 963 793 1021; x_wconf 89' lang='lat' dir='ltr'><strong>videtur</strong></span> <span class='ocrx_word' id='word_1_19' title='bbox 802 979 866 1019; x_wconf 88' lang='lat' dir='ltr'><strong>esse</strong></span> <span class='ocrx_word' id='word_1_20' title='bbox 880 979 914 1019; x_wconf 92' lang='lat' dir='ltr'><strong>ea</strong></span> <span class='ocrx_word' id='word_1_21' title='bbox 927 980 1028 1020; x_wconf 89' lang='lat' dir='ltr'><strong>manus</strong></span> <span class='ocrx_word' id='word_1_22' title='bbox 1043 961 1200 1039; x_wconf 82' lang='lat' dir='ltr'><strong>impositio,</strong></span> <span class='ocrx_word' id='word_1_23' title='bbox 1211 980 1274 1034; x_wconf 83' lang='lat' dir='ltr'><strong>quae</strong></span> <span class='ocrx_word' id='word_1_24' title='bbox 1287 961 1319 1019; x_wconf 84' lang='lat' dir='ltr'><strong>fit</strong></span> 
     </span>
    </p>
   </div>
   <div class='ocr_carea' id='block_1_3' title="bbox 232 1060 1409 1139">
    <p class='ocr_par' dir='ltr' id='par_1_3' title="bbox 232 1060 1409 1139">
     <span class='ocr_line' id='line_1_5' title="bbox 232 1060 1409 1139; baseline -0.001 -21"><span class='ocrx_word' id='word_1_25' title='bbox 232 1060 300 1118; x_wconf 91' lang='lat' dir='ltr'><strong>dum</strong></span> <span class='ocrx_word' id='word_1_26' title='bbox 325 1062 453 1136; x_wconf 81' lang='lat' dir='ltr'><strong>praefatio</strong></span> <span class='ocrx_word' id='word_1_27' title='bbox 475 1063 616 1130; x_wconf 89' lang='lat' dir='ltr'><strong>recitatur,</strong></span> <span class='ocrx_word' id='word_1_28' title='bbox 643 1062 781 1139; x_wconf 89' lang='lat' dir='ltr'><strong>episcopo</strong></span> <span class='ocrx_word' id='word_1_29' title='bbox 807 1060 952 1118; x_wconf 87' lang='lat' dir='ltr'><strong>dexteram</strong></span> <span class='ocrx_word' id='word_1_30' title='bbox 979 1079 1096 1119; x_wconf 91' lang='lat' dir='ltr'><strong>manum</strong></span> <span class='ocrx_word' id='word_1_31' title='bbox 1122 1080 1208 1138; x_wconf 89' lang='lat' dir='ltr'><strong>supra</strong></span> <span class='ocrx_word' id='word_1_32' title='bbox 1233 1069 1319 1138; x_wconf 86' lang='lat' dir='ltr'><strong>caput</strong></span> <span class='ocrx_word' id='word_1_33' title='bbox 1405 1121 1409 1130; x_wconf 49' lang='lat'><strong>.</strong></span> 
     </span>
    </p>
   </div>
   <div class='ocr_carea' id='block_1_4' title="bbox 220 1158 1321 4009">
    <p class='ocr_par' dir='ltr' id='par_1_4' title="bbox 220 1158 1321 4009">
     <span class='ocr_line' id='line_1_6' title="bbox 228 1158 1317 1236; baseline 0 -20"><span class='ocrx_word' id='word_1_34' title='bbox 228 1158 378 1217; x_wconf 88' lang='lat' dir='ltr'><strong>ordinandi</strong></span> <span class='ocrx_word' id='word_1_35' title='bbox 395 1170 518 1230; x_wconf 90' lang='lat' dir='ltr'><strong>tenente,</strong></span> <span class='ocrx_word' id='word_1_36' title='bbox 541 1169 569 1218; x_wconf 91' lang='lat' dir='ltr'><strong>et</strong></span> <span class='ocrx_word' id='word_1_37' title='bbox 591 1160 794 1229; x_wconf 88' lang='lat' dir='ltr'><strong>sacerdotibus,</strong></span> <span class='ocrx_word' id='word_1_38' title='bbox 809 1160 858 1232; x_wconf 94' lang='lat' dir='ltr'><strong>qui</strong></span> <span class='ocrx_word' id='word_1_39' title='bbox 874 1159 994 1227; x_wconf 80' lang='lat' dir='ltr'><strong>adstant,</strong></span> <span class='ocrx_word' id='word_1_40' title='bbox 1019 1161 1121 1236; x_wconf 86' lang='lat' dir='ltr'><strong>pariter</strong></span> <span class='ocrx_word' id='word_1_41' title='bbox 1141 1161 1317 1219; x_wconf 87' lang='lat' dir='ltr'><strong>tenentibus:</strong></span> 
     </span>
     <span class='ocr_line' id='line_1_7' title="bbox 230 1258 1320 1336; baseline 0.001 -21"><span class='ocrx_word' id='word_1_42' title='bbox 230 1258 369 1317; x_wconf 89' lang='lat' dir='ltr'><strong>solemnis</strong></span> <span class='ocrx_word' id='word_1_43' title='bbox 384 1268 477 1318; x_wconf 91' lang='lat' dir='ltr'><strong>autem</strong></span> <span class='ocrx_word' id='word_1_44' title='bbox 491 1260 539 1318; x_wconf 91' lang='lat' dir='ltr'><strong>illa</strong></span> <span class='ocrx_word' id='word_1_45' title='bbox 552 1261 677 1336; x_wconf 88' lang='lat' dir='ltr'><strong>precatio</strong></span> <span class='ocrx_word' id='word_1_46' title='bbox 686 1259 777 1318; x_wconf 88' lang='lat' dir='ltr'><strong>forma</strong></span> <span class='ocrx_word' id='word_1_47' title='bbox 789 1258 909 1316; x_wconf 89' lang='lat' dir='ltr'><strong>videtur.</strong></span> <span class='ocrx_word' id='word_1_48' title='bbox 952 1258 1098 1331; x_wconf 88' lang='lat' dir='ltr'><strong>Equidem</strong></span> <span class='ocrx_word' id='word_1_49' title='bbox 1112 1277 1174 1331; x_wconf 83' lang='lat' dir='ltr'><strong>quae</strong></span> <span class='ocrx_word' id='word_1_50' title='bbox 1186 1259 1320 1334; x_wconf 84' lang='lat' dir='ltr'><strong>praecedit</strong></span> 
     </span>
     <span class='ocr_line' id='line_1_8' title="bbox 230 1357 1319 1435; baseline 0.001 -20"><span class='ocrx_word' id='word_1_51' title='bbox 230 1375 370 1416; x_wconf 88' lang='lat' dir='ltr'><strong>manuum</strong></span> <span class='ocrx_word' id='word_1_52' title='bbox 384 1358 532 1434; x_wconf 86' lang='lat' dir='ltr'><strong>impositio</strong></span> <span class='ocrx_word' id='word_1_53' title='bbox 545 1357 623 1416; x_wconf 90' lang='lat' dir='ltr'><strong>nulla</strong></span> <span class='ocrx_word' id='word_1_54' title='bbox 636 1359 721 1416; x_wconf 89' lang='lat' dir='ltr'><strong>verba</strong></span> <span class='ocrx_word' id='word_1_55' title='bbox 741 1359 894 1435; x_wconf 88' lang='lat' dir='ltr'><strong>conjuncta</strong></span> <span class='ocrx_word' id='word_1_56' title='bbox 913 1358 1014 1415; x_wconf 88' lang='lat' dir='ltr'><strong>habet:</strong></span> <span class='ocrx_word' id='word_1_57' title='bbox 1036 1377 1099 1430; x_wconf 78' lang='lat' dir='ltr'><strong>quae</strong></span> <span class='ocrx_word' id='word_1_58' title='bbox 1113 1359 1145 1415; x_wconf 87' lang='lat' dir='ltr'><strong>fit</strong></span> <span class='ocrx_word' id='word_1_59' title='bbox 1158 1358 1211 1416; x_wconf 93' lang='lat' dir='ltr'><strong>sub</strong></span> <span class='ocrx_word' id='word_1_60' title='bbox 1230 1358 1319 1416; x_wconf 86' lang='lat' dir='ltr'><strong>finem</strong></span> 
     </span>
     <span class='ocr_line' id='line_1_9' title="bbox 230 1453 1320 1534; baseline 0.002 -23"><span class='ocrx_word' id='word_1_61' title='bbox 230 1456 340 1523; x_wconf 87' lang='lat' dir='ltr'><strong>Missae,</strong></span> <span class='ocrx_word' id='word_1_62' title='bbox 351 1453 491 1515; x_wconf 85' lang='lat' dir='ltr'><strong>diceudo:</strong></span> <span class='ocrx_word' id='word_1_63' title='bbox 514 1458 654 1533; x_wconf 85' lang='lat' dir='ltr'><strong>“Accipe</strong></span> <span class='ocrx_word' id='word_1_64' title='bbox 666 1456 805 1533; x_wconf 83' lang='lat' dir='ltr'><strong>Spiritum</strong></span> <span class='ocrx_word' id='word_1_65' title='bbox 816 1455 963 1524; x_wconf 87' lang='lat' dir='ltr'><strong>Sanctum,</strong></span> <span class='ocrx_word' id='word_1_66' title='bbox 972 1456 1059 1524; x_wconf 89' lang='lat' dir='ltr'><strong>etc.,”</strong></span> <span class='ocrx_word' id='word_1_67' title='bbox 1073 1475 1138 1514; x_wconf 88' lang='lat' dir='ltr'><strong>eum</strong></span> <span class='ocrx_word' id='word_1_68' title='bbox 1154 1457 1215 1534; x_wconf 89' lang='lat' dir='ltr'><strong>jam</strong></span> <span class='ocrx_word' id='word_1_69' title='bbox 1228 1474 1320 1514; x_wconf 88' lang='lat' dir='ltr'><strong>saeer-</strong></span> 
     </span>
     <span class='ocr_line' id='line_1_10' title="bbox 233 1553 1318 1632; baseline 0.002 -20"><span class='ocrx_word' id='word_1_70' title='bbox 233 1553 312 1612; x_wconf 90' lang='lat' dir='ltr'><strong>dotio</strong></span> <span class='ocrx_word' id='word_1_71' title='bbox 334 1555 501 1632; x_wconf 87' lang='lat' dir='ltr'><strong>insignitum</strong></span> <span class='ocrx_word' id='word_1_72' title='bbox 514 1555 611 1624; x_wconf 87' lang='lat' dir='ltr'><strong>habet,</strong></span> <span class='ocrx_word' id='word_1_73' title='bbox 626 1575 714 1630; x_wconf 89' lang='lat' dir='ltr'><strong>quum</strong></span> <span class='ocrx_word' id='word_1_74' title='bbox 728 1565 844 1614; x_wconf 87' lang='lat' dir='ltr'><strong>vocetur</strong></span> <span class='ocrx_word' id='word_1_75' title='bbox 856 1556 963 1630; x_wconf 85' lang='lat' dir='ltr'><strong>passim</strong></span> <span class='ocrx_word' id='word_1_76' title='bbox 977 1554 1130 1622; x_wconf 88' lang='lat' dir='ltr'><strong>ordinatus,</strong></span> <span class='ocrx_word' id='word_1_77' title='bbox 1144 1565 1171 1612; x_wconf 89' lang='lat' dir='ltr'><strong>et</strong></span> <span class='ocrx_word' id='word_1_78' title='bbox 1183 1574 1240 1613; x_wconf 88' lang='lat' dir='ltr'><strong>una</strong></span> <span class='ocrx_word' id='word_1_79' title='bbox 1253 1574 1318 1614; x_wconf 91' lang='lat' dir='ltr'><strong>cum</strong></span> 
     </span>
     <span class='ocr_line' id='line_1_11' title="bbox 232 1652 1319 1728; baseline 0.003 -18"><span class='ocrx_word' id='word_1_80' title='bbox 232 1652 369 1728; x_wconf 88' lang='lat' dir='ltr'><strong>episcopo</strong></span> <span class='ocrx_word' id='word_1_81' title='bbox 383 1673 549 1712; x_wconf 89' lang='lat' dir='ltr'><strong>consecrare</strong></span> <span class='ocrx_word' id='word_1_82' title='bbox 569 1664 728 1713; x_wconf 88' lang='lat' dir='ltr'><strong>censeatur.</strong></span> <span class='ocrx_word' id='word_1_83' title='bbox 770 1653 1024 1711; x_wconf 89' lang='lat' dir='ltr'><strong>Instrumentorum</strong></span> <span class='ocrx_word' id='word_1_84' title='bbox 1038 1663 1130 1712; x_wconf 90' lang='lat' dir='ltr'><strong>autem</strong></span> <span class='ocrx_word' id='word_1_85' title='bbox 1146 1653 1256 1712; x_wconf 91' lang='lat' dir='ltr'><strong>traditio</strong></span> <span class='ocrx_word' id='word_1_86' title='bbox 1271 1655 1319 1714; x_wconf 87' lang='lat' dir='ltr'><strong>vix</strong></span> 
     </span>
     <span class='ocr_line' id='line_1_12' title="bbox 232 1750 1319 1832; baseline 0.004 -24"><span class='ocrx_word' id='word_1_87' title='bbox 232 1750 329 1808; x_wconf 91' lang='lat' dir='ltr'><strong>haberi</strong></span> <span class='ocrx_word' id='word_1_88' title='bbox 343 1762 439 1827; x_wconf 89' lang='lat' dir='ltr'><strong>potest</strong></span> <span class='ocrx_word' id='word_1_89' title='bbox 457 1755 584 1822; x_wconf 88' lang='lat' dir='ltr'><strong>materia,</strong></span> <span class='ocrx_word' id='word_1_90' title='bbox 600 1753 655 1812; x_wconf 87' lang='lat' dir='ltr'><strong>nisi</strong></span> <span class='ocrx_word' id='word_1_91' title='bbox 668 1754 726 1812; x_wconf 89' lang='lat' dir='ltr'><strong>lato</strong></span> <span class='ocrx_word' id='word_1_92' title='bbox 747 1751 870 1825; x_wconf 90' lang='lat' dir='ltr'><strong>quodam</strong></span> <span class='ocrx_word' id='word_1_93' title='bbox 891 1770 988 1819; x_wconf 87' lang='lat' dir='ltr'><strong>sensu,</strong></span> <span class='ocrx_word' id='word_1_94' title='bbox 1003 1761 1087 1828; x_wconf 91' lang='lat' dir='ltr'><strong>prout</strong></span> <span class='ocrx_word' id='word_1_95' title='bbox 1099 1752 1129 1810; x_wconf 89' lang='lat' dir='ltr'><strong>in</strong></span> <span class='ocrx_word' id='word_1_96' title='bbox 1142 1751 1254 1812; x_wconf 89' lang='lat' dir='ltr'><strong>decreto</strong></span> <span class='ocrx_word' id='word_1_97' title='bbox 1267 1773 1319 1832; x_wconf 91' lang='lat' dir='ltr'><strong>pro</strong></span> 
     </span>
     <span class='ocr_line' id='line_1_13' title="bbox 232 1850 1319 1929; baseline 0.005 -23"><span class='ocrx_word' id='word_1_98' title='bbox 232 1850 366 1922; x_wconf 89' lang='lat' dir='ltr'><strong>Armenis</strong></span> <span class='ocrx_word' id='word_1_99' title='bbox 381 1860 513 1929; x_wconf 89' lang='lat' dir='ltr'><strong>usurpata</strong></span> <span class='ocrx_word' id='word_1_100' title='bbox 525 1851 646 1920; x_wconf 88' lang='lat' dir='ltr'><strong>videtur,</strong></span> <span class='ocrx_word' id='word_1_101' title='bbox 661 1870 749 1924; x_wconf 91' lang='lat' dir='ltr'><strong>quum</strong></span> <span class='ocrx_word' id='word_1_102' title='bbox 763 1869 820 1908; x_wconf 88' lang='lat' dir='ltr'><strong>non</strong></span> <span class='ocrx_word' id='word_1_103' title='bbox 835 1852 1011 1909; x_wconf 83' lang='lat' dir='ltr'><strong>consueverit</strong></span> <span class='ocrx_word' id='word_1_104' title='bbox 1024 1851 1086 1909; x_wconf 88' lang='lat' dir='ltr'><strong>fieri</strong></span> <span class='ocrx_word' id='word_1_105' title='bbox 1099 1850 1174 1928; x_wconf 91' lang='lat' dir='ltr'><strong>apud</strong></span> <span class='ocrx_word' id='word_1_106' title='bbox 1189 1852 1319 1921; x_wconf 81' lang='lat' dir='ltr'><strong>Graecos,</strong></span> 
     </span>
     <span class='ocr_line' id='line_1_14' title="bbox 232 1948 1320 2023; baseline 0.004 -18"><span class='ocrx_word' id='word_1_107' title='bbox 232 1957 260 2005; x_wconf 90' lang='lat' dir='ltr'><strong>et</strong></span> <span class='ocrx_word' id='word_1_108' title='bbox 282 1948 358 2023; x_wconf 92' lang='lat' dir='ltr'><strong>apud</strong></span> <span class='ocrx_word' id='word_1_109' title='bbox 380 1951 497 2009; x_wconf 89' lang='lat' dir='ltr'><strong>Latinos</strong></span> <span class='ocrx_word' id='word_1_110' title='bbox 521 1950 598 2009; x_wconf 89' lang='lat' dir='ltr'><strong>haud</strong></span> <span class='ocrx_word' id='word_1_111' title='bbox 619 1959 681 2008; x_wconf 88' lang='lat' dir='ltr'><strong>ante</strong></span> <span class='ocrx_word' id='word_1_112' title='bbox 701 1950 838 2008; x_wconf 84' lang='lat' dir='ltr'><strong>saeeulum</strong></span> <span class='ocrx_word' id='word_1_113' title='bbox 859 1968 978 2018; x_wconf 91' lang='lat' dir='ltr'><strong>nonum,</strong></span> <span class='ocrx_word' id='word_1_114' title='bbox 993 1950 1038 2008; x_wconf 90' lang='lat' dir='ltr'><strong>vel</strong></span> <span class='ocrx_word' id='word_1_115' title='bbox 1058 1959 1191 2010; x_wconf 87' lang='lat' dir='ltr'><strong>octavum</strong></span> <span class='ocrx_word' id='word_1_116' title='bbox 1206 1950 1320 2010; x_wconf 88' lang='lat' dir='ltr'><strong>inducta</strong></span> 
     </span>
     <span class='ocr_line' id='line_1_15' title="bbox 231 2043 1318 2126; baseline 0.004 -22"><span class='ocrx_word' id='word_1_117' title='bbox 231 2043 384 2106; x_wconf 87' lang='lat' dir='ltr'><strong>credatur.¹</strong></span> <span class='ocrx_word' id='word_1_118' title='bbox 425 2050 567 2108; x_wconf 84' lang='lat' dir='ltr'><strong>Praeterea</strong></span> <span class='ocrx_word' id='word_1_119' title='bbox 576 2051 606 2108; x_wconf 94' lang='lat' dir='ltr'><strong>in</strong></span> <span class='ocrx_word' id='word_1_120' title='bbox 616 2050 762 2126; x_wconf 86' lang='lat' dir='ltr'><strong>Scriptura</strong></span> <span class='ocrx_word' id='word_1_121' title='bbox 771 2066 905 2106; x_wconf 91' lang='lat' dir='ltr'><strong>manuum</strong></span> <span class='ocrx_word' id='word_1_122' title='bbox 916 2049 1098 2125; x_wconf 84' lang='lat' dir='ltr'><strong>impositione</strong></span> <span class='ocrx_word' id='word_1_123' title='bbox 1109 2068 1189 2108; x_wconf 90' lang='lat' dir='ltr'><strong>sacra</strong></span> <span class='ocrx_word' id='word_1_124' title='bbox 1196 2058 1318 2126; x_wconf 89' lang='lat' dir='ltr'><strong>potestas</strong></span> 
     </span>
     <span class='ocr_line' id='line_1_16' title="bbox 231 2145 1320 2224; baseline 0.006 -22"><span class='ocrx_word' id='word_1_125' title='bbox 231 2163 344 2222; x_wconf 87' lang='lat' dir='ltr'><strong>semper</strong></span> <span class='ocrx_word' id='word_1_126' title='bbox 357 2147 455 2206; x_wconf 92' lang='lat' dir='ltr'><strong>tradita</strong></span> <span class='ocrx_word' id='word_1_127' title='bbox 475 2149 604 2207; x_wconf 86' lang='lat' dir='ltr'><strong>refertur.</strong></span> <span class='ocrx_word' id='word_1_128' title='bbox 646 2149 717 2215; x_wconf 83' lang='lat' dir='ltr'><strong>Quae</strong></span> <span class='ocrx_word' id='word_1_129' title='bbox 738 2149 824 2224; x_wconf 86' lang='lat' dir='ltr'><strong>igitur</strong></span> <span class='ocrx_word' id='word_1_130' title='bbox 844 2145 974 2205; x_wconf 86' lang='lat' dir='ltr'><strong>dicuntur</strong></span> <span class='ocrx_word' id='word_1_131' title='bbox 987 2151 1073 2207; x_wconf 87' lang='lat' dir='ltr'><strong>verba</strong></span> <span class='ocrx_word' id='word_1_132' title='bbox 1085 2148 1155 2208; x_wconf 91' lang='lat' dir='ltr'><strong>dum</strong></span> <span class='ocrx_word' id='word_1_133' title='bbox 1175 2147 1320 2208; x_wconf 88' lang='lat' dir='ltr'><strong>traduntur</strong></span> 
     </span>
     <span class='ocr_line' id='line_1_17' title="bbox 233 2243 1318 2323; baseline 0.006 -23"><span class='ocrx_word' id='word_1_134' title='bbox 233 2243 435 2303; x_wconf 85' lang='lat' dir='ltr'><strong>instrumenta:</strong></span> <span class='ocrx_word' id='word_1_135' title='bbox 458 2249 597 2323; x_wconf 88' lang='lat' dir='ltr'><strong>“Accipe</strong></span> <span class='ocrx_word' id='word_1_136' title='bbox 612 2255 778 2323; x_wconf 89' lang='lat' dir='ltr'><strong>potestatem</strong></span> <span class='ocrx_word' id='word_1_137' title='bbox 794 2246 934 2305; x_wconf 87' lang='lat' dir='ltr'><strong>offerendi</strong></span> <span class='ocrx_word' id='word_1_138' title='bbox 944 2248 1114 2306; x_wconf 87' lang='lat' dir='ltr'><strong>sacrificium</strong></span> <span class='ocrx_word' id='word_1_139' title='bbox 1129 2246 1204 2316; x_wconf 88' lang='lat' dir='ltr'><strong>Deo,</strong></span> <span class='ocrx_word' id='word_1_140' title='bbox 1219 2256 1273 2306; x_wconf 86' lang='lat' dir='ltr'><strong>etc.</strong></span> <span class='ocrx_word' id='word_1_141' title='bbox 1288 2248 1318 2316; x_wconf 90' lang='lat'><strong>;”</strong></span> 
     </span>
     <span class='ocr_line' id='line_1_18' title="bbox 234 2341 1317 2422; baseline 0.007 -25"><span class='ocrx_word' id='word_1_142' title='bbox 234 2352 262 2398; x_wconf 92' lang='lat' dir='ltr'><strong>et</strong></span> <span class='ocrx_word' id='word_1_143' title='bbox 274 2341 340 2401; x_wconf 91' lang='lat' dir='ltr'><strong>dum</strong></span> <span class='ocrx_word' id='word_1_144' title='bbox 362 2364 463 2402; x_wconf 89' lang='lat' dir='ltr'><strong>manus</strong></span> <span class='ocrx_word' id='word_1_145' title='bbox 477 2345 574 2404; x_wconf 70' lang='lat' dir='ltr'><strong>ultimis</strong></span> <span class='ocrx_word' id='word_1_146' title='bbox 595 2346 797 2422; x_wconf 87' lang='lat' dir='ltr'><strong>imponuntur:</strong></span> <span class='ocrx_word' id='word_1_147' title='bbox 820 2346 960 2422; x_wconf 86' lang='lat' dir='ltr'><strong>“Accipe</strong></span> <span class='ocrx_word' id='word_1_148' title='bbox 981 2347 1119 2421; x_wconf 89' lang='lat' dir='ltr'><strong>Spiritum</strong></span> <span class='ocrx_word' id='word_1_149' title='bbox 1140 2347 1276 2405; x_wconf 85' lang='lat' dir='ltr'><strong>Sanctum</strong></span> <span class='ocrx_word' id='word_1_150' title='bbox 1288 2347 1317 2414; x_wconf 87' lang='lat'><strong>;”</strong></span> 
     </span>
     <span class='ocr_line' id='line_1_19' title="bbox 234 2441 1315 2522; baseline 0.007 -26"><span class='ocrx_word' id='word_1_151' title='bbox 234 2441 379 2516; x_wconf 85' lang='lat' dir='ltr'><strong>explicant</strong></span> <span class='ocrx_word' id='word_1_152' title='bbox 405 2453 572 2520; x_wconf 88' lang='lat' dir='ltr'><strong>potestatem</strong></span> <span class='ocrx_word' id='word_1_153' title='bbox 601 2445 663 2522; x_wconf 88' lang='lat' dir='ltr'><strong>jam</strong></span> <span class='ocrx_word' id='word_1_154' title='bbox 689 2444 782 2503; x_wconf 89' lang='lat' dir='ltr'><strong>datam</strong></span> <span class='ocrx_word' id='word_1_155' title='bbox 809 2444 933 2502; x_wconf 88' lang='lat' dir='ltr'><strong>secunda</strong></span> <span class='ocrx_word' id='word_1_156' title='bbox 959 2463 1094 2503; x_wconf 90' lang='lat' dir='ltr'><strong>manuum</strong></span> <span class='ocrx_word' id='word_1_157' title='bbox 1121 2445 1315 2520; x_wconf 86' lang='lat' dir='ltr'><strong>impositione.</strong></span> 
     </span>
     <span class='ocr_line' id='line_1_20' title="bbox 235 2539 1319 2621; baseline 0.007 -26"><span class='ocrx_word' id='word_1_158' title='bbox 235 2539 377 2600; x_wconf 85' lang='lat' dir='ltr'><strong>Oaeterum</strong></span> <span class='ocrx_word' id='word_1_159' title='bbox 398 2561 486 2615; x_wconf 90' lang='lat' dir='ltr'><strong>quum</strong></span> <span class='ocrx_word' id='word_1_160' title='bbox 513 2544 560 2602; x_wconf 86' lang='lat' dir='ltr'><strong>alii</strong></span> <span class='ocrx_word' id='word_1_161' title='bbox 580 2544 656 2602; x_wconf 93' lang='lat' dir='ltr'><strong>aliud</strong></span> <span class='ocrx_word' id='word_1_162' title='bbox 681 2545 950 2621; x_wconf 87' lang='lat' dir='ltr'><strong>opinentur,.grave</strong></span> <span class='ocrx_word' id='word_1_163' title='bbox 970 2543 1043 2603; x_wconf 89' lang='lat' dir='ltr'><strong>soret</strong></span> <span class='ocrx_word' id='word_1_164' title='bbox 1068 2554 1214 2619; x_wconf 89' lang='lat' dir='ltr'><strong>peccatum</strong></span> <span class='ocrx_word' id='word_1_165' title='bbox 1235 2545 1319 2603; x_wconf 88' lang='lat' dir='ltr'><strong>ritum</strong></span> 
     </span>
     <span class='ocr_line' id='line_1_21' title="bbox 232 2642 1318 2724; baseline 0.006 -28"><span class='ocrx_word' id='word_1_166' title='bbox 232 2642 427 2720; x_wconf 82' lang='lat' dir='ltr'><strong>praescriptum</strong></span> <span class='ocrx_word' id='word_1_167' title='bbox 454 2643 548 2716; x_wconf 90' lang='lat' dir='ltr'><strong>aliqua</strong></span> <span class='ocrx_word' id='word_1_168' title='bbox 573 2662 610 2701; x_wconf 87' lang='lat' dir='ltr'><strong>cx</strong></span> <span class='ocrx_word' id='word_1_169' title='bbox 636 2651 727 2724; x_wconf 48' lang='lat' dir='ltr'><strong>parte·</strong></span> <span class='ocrx_word' id='word_1_170' title='bbox 740 2643 879 2711; x_wconf 90' lang='lat' dir='ltr'><strong>omittere,</strong></span> <span class='ocrx_word' id='word_1_171' title='bbox 900 2643 993 2701; x_wconf 90' lang='lat' dir='ltr'><strong>valore</strong></span> <span class='ocrx_word' id='word_1_172' title='bbox 1014 2642 1142 2720; x_wconf 89' lang='lat' dir='ltr'><strong>ejusdem</strong></span> <span class='ocrx_word' id='word_1_173' title='bbox 1160 2642 1318 2702; x_wconf 88' lang='lat' dir='ltr'><strong>discrimini</strong></span> 
     </span>
     <span class='ocr_line' id='line_1_22' title="bbox 220 2742 1320 2820; baseline 0.005 -24"><span class='ocrx_word' id='word_1_174' title='bbox 220 2747 337 2800; x_wconf 83' lang='lat' dir='ltr'><strong>temere</strong></span> <span class='ocrx_word' id='word_1_175' title='bbox 348 2743 489 2818; x_wconf 87' lang='lat' dir='ltr'><strong>exposito.</strong></span> <span class='ocrx_word' id='word_1_176' title='bbox 518 2751 538 2778; x_wconf 86' lang='lat'><strong>“</strong></span> <span class='ocrx_word' id='word_1_177' title='bbox 549 2742 699 2802; x_wconf 87' lang='lat' dir='ltr'><strong>Ordinatio</strong></span> <span class='ocrx_word' id='word_1_178' title='bbox 708 2742 780 2800; x_wconf 88' lang='lat' dir='ltr'><strong>facta</strong></span> <span class='ocrx_word' id='word_1_179' title='bbox 790 2744 852 2801; x_wconf 89' lang='lat' dir='ltr'><strong>sine</strong></span> <span class='ocrx_word' id='word_1_180' title='bbox 861 2743 984 2801; x_wconf 89' lang='lat' dir='ltr'><strong>secunda</strong></span> <span class='ocrx_word' id='word_1_181' title='bbox 994 2761 1128 2801; x_wconf 90' lang='lat' dir='ltr'><strong>manuum</strong></span> <span class='ocrx_word' id='word_1_182' title='bbox 1136 2742 1320 2820; x_wconf 86' lang='lat' dir='ltr'><strong>impositione</strong></span> 
     </span>
     <span class='ocr_line' id='line_1_23' title="bbox 232 2839 1320 2921; baseline 0.004 -25"><span class='ocrx_word' id='word_1_183' title='bbox 232 2849 289 2896; x_wconf 91' lang='lat' dir='ltr'><strong>tota</strong></span> <span class='ocrx_word' id='word_1_184' title='bbox 301 2841 455 2916; x_wconf 88' lang='lat' dir='ltr'><strong>repetenda</strong></span> <span class='ocrx_word' id='word_1_185' title='bbox 468 2851 520 2910; x_wconf 86' lang='lat' dir='ltr'><strong>est,</strong></span> <span class='ocrx_word' id='word_1_186' title='bbox 534 2852 566 2900; x_wconf 93' lang='lat' dir='ltr'><strong>ut</strong></span> <span class='ocrx_word' id='word_1_187' title='bbox 579 2843 664 2900; x_wconf 90' lang='lat' dir='ltr'><strong>etiam</strong></span> <span class='ocrx_word' id='word_1_188' title='bbox 679 2839 830 2900; x_wconf 84' lang='lat' dir='ltr'><strong>declaravit</strong></span> <span class='ocrx_word' id='word_1_189' title='bbox 843 2842 874 2900; x_wconf 81' lang='lat' dir='ltr'><strong>S.</strong></span> <span class='ocrx_word' id='word_1_190' title='bbox 888 2841 1080 2921; x_wconf 74' lang='lat' dir='ltr'><strong>congregatio</strong></span> <span class='ocrx_word' id='word_1_191' title='bbox 1095 2841 1168 2918; x_wconf 85' lang='lat' dir='ltr'><strong>apud</strong></span> <span class='ocrx_word' id='word_1_192' title='bbox 1182 2841 1320 2901; x_wconf 85' lang='lat' dir='ltr'><strong>Benedic-</strong></span> 
     </span>
     <span class='ocr_line' id='line_1_24' title="bbox 233 2935 1318 3018; baseline 0.003 -23"><span class='ocrx_word' id='word_1_193' title='bbox 233 2948 293 2995; x_wconf 91' lang='lat' dir='ltr'><strong>tum</strong></span> <span class='ocrx_word' id='word_1_194' title='bbox 314 2935 415 2996; x_wconf 65' lang='grc' dir='ltr'><strong>ΧΠῙ.2</strong></span> <span class='ocrx_word' id='word_1_195' title='bbox 455 2940 550 3008; x_wconf 86' lang='lat' dir='ltr'><strong>Ratio,</strong></span> <span class='ocrx_word' id='word_1_196' title='bbox 566 2941 634 3014; x_wconf 89' lang='lat' dir='ltr'><strong>quia</strong></span> <span class='ocrx_word' id='word_1_197' title='bbox 647 2940 697 3014; x_wconf 91' lang='lat' dir='ltr'><strong>qui</strong></span> <span class='ocrx_word' id='word_1_198' title='bbox 714 2959 771 2999; x_wconf 91' lang='lat' dir='ltr'><strong>nou</strong></span> <span class='ocrx_word' id='word_1_199' title='bbox 793 2943 896 3018; x_wconf 90' lang='lat' dir='ltr'><strong>accipit</strong></span> <span class='ocrx_word' id='word_1_200' title='bbox 915 2950 1082 3018; x_wconf 89' lang='lat' dir='ltr'><strong>potestatem</strong></span> <span class='ocrx_word' id='word_1_201' title='bbox 1099 2960 1185 3018; x_wconf 88' lang='lat' dir='ltr'><strong>supra</strong></span> <span class='ocrx_word' id='word_1_202' title='bbox 1204 2941 1318 3018; x_wconf 85' lang='lat' dir='ltr'><strong>Corpus</strong></span> 
     </span>
     <span class='ocr_line' id='line_1_25' title="bbox 234 3033 1318 3117; baseline 0.005 -25"><span class='ocrx_word' id='word_1_203' title='bbox 234 3033 343 3094; x_wconf 85' lang='lat' dir='ltr'><strong>Christi</strong></span> <span class='ocrx_word' id='word_1_204' title='bbox 357 3055 465 3106; x_wconf 90' lang='lat' dir='ltr'><strong>verum,</strong></span> <span class='ocrx_word' id='word_1_205' title='bbox 480 3057 533 3096; x_wconf 92' lang='lat' dir='ltr'><strong>nec</strong></span> <span class='ocrx_word' id='word_1_206' title='bbox 546 3040 630 3099; x_wconf 90' lang='lat' dir='ltr'><strong>etiam</strong></span> <span class='ocrx_word' id='word_1_207' title='bbox 650 3041 742 3116; x_wconf 89' lang='lat' dir='ltr'><strong>potuit</strong></span> <span class='ocrx_word' id='word_1_208' title='bbox 761 3057 896 3117; x_wconf 88' lang='lat' dir='ltr'><strong>accepere</strong></span> <span class='ocrx_word' id='word_1_209' title='bbox 916 3049 1084 3116; x_wconf 88' lang='lat' dir='ltr'><strong>potestatem</strong></span> <span class='ocrx_word' id='word_1_210' title='bbox 1097 3057 1183 3116; x_wconf 88' lang='lat' dir='ltr'><strong>supra</strong></span> <span class='ocrx_word' id='word_1_211' title='bbox 1203 3039 1318 3117; x_wconf 85' lang='lat' dir='ltr'><strong>Corpus</strong></span> 
     </span>
     <span class='ocr_line' id='line_1_26' title="bbox 233 3132 1318 3213; baseline 0.006 -22"><span class='ocrx_word' id='word_1_212' title='bbox 233 3132 344 3194; x_wconf 84' lang='lat' dir='ltr'><strong>Christi</strong></span> <span class='ocrx_word' id='word_1_213' title='bbox 358 3138 523 3213; x_wconf 89' lang='lat' dir='ltr'><strong>mysticum.</strong></span> <span class='ocrx_word' id='word_1_214' title='bbox 566 3139 599 3197; x_wconf 86' lang='lat' dir='ltr'><strong>Si</strong></span> <span class='ocrx_word' id='word_1_215' title='bbox 613 3136 679 3198; x_wconf 79' lang='lat' dir='ltr'><strong>verd</strong></span> <span class='ocrx_word' id='word_1_216' title='bbox 701 3138 850 3197; x_wconf 90' lang='lat' dir='ltr'><strong>Ordinatio</strong></span> <span class='ocrx_word' id='word_1_217' title='bbox 863 3139 935 3196; x_wconf 87' lang='lat' dir='ltr'><strong>facta</strong></span> <span class='ocrx_word' id='word_1_218' title='bbox 948 3139 1002 3197; x_wconf 85' lang='lat' dir='ltr'><strong>fuit</strong></span> <span class='ocrx_word' id='word_1_219' title='bbox 1014 3140 1077 3196; x_wconf 89' lang='lat' dir='ltr'><strong>sine</strong></span> <span class='ocrx_word' id='word_1_220' title='bbox 1091 3139 1170 3194; x_wconf 87' lang='lat' dir='ltr'><strong>tertia</strong></span> <span class='ocrx_word' id='word_1_221' title='bbox 1183 3156 1318 3197; x_wconf 88' lang='lat' dir='ltr'><strong>manuum</strong></span> 
     </span>
     <span class='ocr_line' id='line_1_27' title="bbox 233 3229 1319 3315; baseline 0.004 -24"><span class='ocrx_word' id='word_1_222' title='bbox 233 3234 426 3311; x_wconf 88' lang='lat' dir='ltr'><strong>impositione,</strong></span> <span class='ocrx_word' id='word_1_223' title='bbox 453 3236 514 3294; x_wconf 89' lang='lat' dir='ltr'><strong>haec</strong></span> <span class='ocrx_word' id='word_1_224' title='bbox 541 3245 649 3297; x_wconf 91' lang='lat' dir='ltr'><strong>tantum</strong></span> <span class='ocrx_word' id='word_1_225' title='bbox 675 3237 837 3315; x_wconf 89' lang='lat' dir='ltr'><strong>supplenda</strong></span> <span class='ocrx_word' id='word_1_226' title='bbox 861 3229 954 3296; x_wconf 77' lang='lat' dir='ltr'><strong>est.&#39;’³</strong></span> <span class='ocrx_word' id='word_1_227' title='bbox 1006 3237 1040 3297; x_wconf 83' lang='lat' dir='ltr'><strong>Si</strong></span> <span class='ocrx_word' id='word_1_228' title='bbox 1066 3237 1157 3312; x_wconf 91' lang='lat' dir='ltr'><strong>prima</strong></span> <span class='ocrx_word' id='word_1_229' title='bbox 1184 3253 1319 3295; x_wconf 90' lang='lat' dir='ltr'><strong>manuum</strong></span> 
     </span>
     <span class='ocr_line' id='line_1_28' title="bbox 232 3327 1320 3410; baseline 0.006 -21"><span class='ocrx_word' id='word_1_230' title='bbox 232 3333 378 3410; x_wconf 92' lang='lat' dir='ltr'><strong>impositio</strong></span> <span class='ocrx_word' id='word_1_231' title='bbox 392 3337 499 3393; x_wconf 89' lang='lat' dir='ltr'><strong>omissa</strong></span> <span class='ocrx_word' id='word_1_232' title='bbox 511 3327 604 3405; x_wconf 87' lang='lat' dir='ltr'><strong>fuerit,</strong></span> <span class='ocrx_word' id='word_1_233' title='bbox 618 3337 729 3395; x_wconf 89' lang='lat' dir='ltr'><strong>videtur</strong></span> <span class='ocrx_word' id='word_1_234' title='bbox 749 3339 834 3396; x_wconf 90' lang='lat' dir='ltr'><strong>etiam</strong></span> <span class='ocrx_word' id='word_1_235' title='bbox 848 3345 922 3396; x_wconf 89' lang='lat' dir='ltr'><strong>totus</strong></span> <span class='ocrx_word' id='word_1_236' title='bbox 940 3339 1011 3395; x_wconf 89' lang='lat' dir='ltr'><strong>ritus</strong></span> <span class='ocrx_word' id='word_1_237' title='bbox 1032 3335 1174 3394; x_wconf 88' lang='lat' dir='ltr'><strong>iterandus</strong></span> <span class='ocrx_word' id='word_1_238' title='bbox 1187 3334 1240 3392; x_wconf 87' lang='lat' dir='ltr'><strong>sub</strong></span> <span class='ocrx_word' id='word_1_239' title='bbox 1253 3355 1320 3395; x_wconf 90' lang='lat' dir='ltr'><strong>con·</strong></span> 
     </span>
     <span class='ocr_line' id='line_1_29' title="bbox 230 3430 1317 3508; baseline 0.005 -21"><span class='ocrx_word' id='word_1_240' title='bbox 230 3430 347 3502; x_wconf 87' lang='lat' dir='ltr'><strong>ditione,</strong></span> <span class='ocrx_word' id='word_1_241' title='bbox 359 3453 447 3508; x_wconf 93' lang='lat' dir='ltr'><strong>quum</strong></span> <span class='ocrx_word' id='word_1_242' title='bbox 467 3437 597 3495; x_wconf 89' lang='lat' dir='ltr'><strong>nonnulli</strong></span> <span class='ocrx_word' id='word_1_243' title='bbox 616 3437 738 3495; x_wconf 87' lang='lat' dir='ltr'><strong>habeant</strong></span> <span class='ocrx_word' id='word_1_244' title='bbox 745 3455 808 3496; x_wconf 90' lang='lat' dir='ltr'><strong>eam</strong></span> <span class='ocrx_word' id='word_1_245' title='bbox 826 3455 883 3494; x_wconf 90' lang='lat' dir='ltr'><strong>una</strong></span> <span class='ocrx_word' id='word_1_246' title='bbox 898 3455 963 3494; x_wconf 88' lang='lat' dir='ltr'><strong>cum</strong></span> <span class='ocrx_word' id='word_1_247' title='bbox 981 3434 1107 3495; x_wconf 86' lang='lat' dir='ltr'><strong>secunda</strong></span> <span class='ocrx_word' id='word_1_248' title='bbox 1124 3435 1211 3493; x_wconf 88' lang='lat' dir='ltr'><strong>instar</strong></span> <span class='ocrx_word' id='word_1_249' title='bbox 1223 3435 1317 3503; x_wconf 88' lang='lat' dir='ltr'><strong>unius,</strong></span> 
     </span>
     <span class='ocr_line' id='line_1_30' title="bbox 231 3533 1319 3612; baseline 0.006 -24"><span class='ocrx_word' id='word_1_250' title='bbox 231 3549 351 3607; x_wconf 85' lang='lat' dir='ltr'><strong>eamque</strong></span> <span class='ocrx_word' id='word_1_251' title='bbox 365 3534 400 3592; x_wconf 90' lang='lat' dir='ltr'><strong>ad</strong></span> <span class='ocrx_word' id='word_1_252' title='bbox 414 3533 536 3593; x_wconf 87' lang='lat' dir='ltr'><strong>valorem</strong></span> <span class='ocrx_word' id='word_1_253' title='bbox 557 3544 695 3596; x_wconf 89' lang='lat' dir='ltr'><strong>censeant</strong></span> <span class='ocrx_word' id='word_1_254' title='bbox 714 3536 829 3611; x_wconf 90' lang='lat' dir='ltr'><strong>requiri.</strong></span> <span class='ocrx_word' id='word_1_255' title='bbox 872 3535 947 3594; x_wconf 92' lang='lat' dir='ltr'><strong>lllud</strong></span> <span class='ocrx_word' id='word_1_256' title='bbox 960 3535 1128 3612; x_wconf 87' lang='lat' dir='ltr'><strong>plerumque</strong></span> <span class='ocrx_word' id='word_1_257' title='bbox 1147 3533 1319 3594; x_wconf 89' lang='lat' dir='ltr'><strong>servandum</strong></span> 
     </span>
     <span class='ocr_line' id='line_1_31' title="bbox 230 3632 1319 3712; baseline 0.003 -23"><span class='ocrx_word' id='word_1_258' title='bbox 230 3642 283 3702; x_wconf 89' lang='lat' dir='ltr'><strong>est,</strong></span> <span class='ocrx_word' id='word_1_259' title='bbox 298 3633 375 3707; x_wconf 92' lang='lat' dir='ltr'><strong>quod</strong></span> <span class='ocrx_word' id='word_1_260' title='bbox 391 3643 409 3671; x_wconf 90' lang='lat'>“</span> <span class='ocrx_word' id='word_1_261' title='bbox 421 3653 479 3694; x_wconf 92' lang='lat' dir='ltr'><strong>non</strong></span> <span class='ocrx_word' id='word_1_262' title='bbox 493 3643 537 3692; x_wconf 89' lang='lat' dir='ltr'><strong>est</strong></span> <span class='ocrx_word' id='word_1_263' title='bbox 549 3635 658 3710; x_wconf 86' lang='lat' dir='ltr'><strong>aliquid</strong></span> <span class='ocrx_word' id='word_1_264' title='bbox 678 3635 847 3701; x_wconf 91' lang='lat' dir='ltr'><strong>iterandum,</strong></span> <span class='ocrx_word' id='word_1_265' title='bbox 862 3635 911 3694; x_wconf 90' lang='lat' dir='ltr'><strong>sed</strong></span> <span class='ocrx_word' id='word_1_266' title='bbox 926 3636 1014 3693; x_wconf 84' lang='lat' dir='ltr'><strong>caute</strong></span> <span class='ocrx_word' id='word_1_267' title='bbox 1027 3634 1227 3712; x_wconf 87' lang='lat' dir='ltr'><strong>supplendum,</strong></span> <span class='ocrx_word' id='word_1_268' title='bbox 1243 3632 1319 3709; x_wconf 93' lang='lat' dir='ltr'><strong>quod</strong></span> 
     </span>
     <span class='ocr_line' id='line_1_32' title="bbox 229 3726 1318 3812; baseline -0.001 -22"><span class='ocrx_word' id='word_1_269' title='bbox 229 3733 341 3791; x_wconf 86' lang='lat' dir='ltr'><strong>incaute</strong></span> <span class='ocrx_word' id='word_1_270' title='bbox 362 3734 452 3793; x_wconf 88' lang='lat' dir='ltr'><strong>fuerat</strong></span> <span class='ocrx_word' id='word_1_271' title='bbox 473 3726 746 3812; x_wconf 74' lang='lat' dir='ltr'><strong>pretermissum.”⁴</strong></span> <span class='ocrx_word' id='word_1_272' title='bbox 783 3735 816 3792; x_wconf 93' lang='grc' dir='ltr'>δί</span> <span class='ocrx_word' id='word_1_273' title='bbox 839 3732 874 3792; x_wconf 91' lang='lat' dir='ltr'><strong>de</strong></span> <span class='ocrx_word' id='word_1_274' title='bbox 895 3734 989 3793; x_wconf 86' lang='lat' dir='ltr'><strong>valore</strong></span> <span class='ocrx_word' id='word_1_275' title='bbox 1013 3744 1091 3793; x_wconf 88' lang='lat' dir='ltr'><strong>aetus</strong></span> <span class='ocrx_word' id='word_1_276' title='bbox 1109 3741 1229 3802; x_wconf 86' lang='lat' dir='ltr'><strong>constet,</strong></span> <span class='ocrx_word' id='word_1_277' title='bbox 1249 3735 1318 3793; x_wconf 90' lang='lat' dir='ltr'><strong>ritus</strong></span> 
     </span>
     <span class='ocr_line' id='line_1_33' title="bbox 231 3832 1321 3911; baseline -0.001 -22"><span class='ocrx_word' id='word_1_278' title='bbox 231 3832 365 3899; x_wconf 86' lang='lat' dir='ltr'><strong>omissus,</strong></span> <span class='ocrx_word' id='word_1_279' title='bbox 379 3852 416 3889; x_wconf 87' lang='lat' dir='ltr'><strong>v:</strong></span> <span class='ocrx_word' id='word_1_280' title='bbox 439 3853 475 3911; x_wconf 85' lang='lat' dir='ltr'><strong>g:</strong></span> <span class='ocrx_word' id='word_1_281' title='bbox 496 3853 633 3894; x_wconf 91' lang='lat' dir='ltr'><strong>manuum</strong></span> <span class='ocrx_word' id='word_1_282' title='bbox 647 3834 761 3901; x_wconf 89' lang='lat' dir='ltr'><strong>unctio;</strong></span> <span class='ocrx_word' id='word_1_283' title='bbox 782 3834 835 3892; x_wconf 92' lang='lat' dir='ltr'><strong>sub</strong></span> <span class='ocrx_word' id='word_1_284' title='bbox 849 3836 927 3911; x_wconf 82' lang='lat' dir='ltr'><strong>gravi</strong></span> <span class='ocrx_word' id='word_1_285' title='bbox 940 3844 1056 3910; x_wconf 91' lang='lat' dir='ltr'><strong>peccato</strong></span> <span class='ocrx_word' id='word_1_286' title='bbox 1076 3832 1254 3911; x_wconf 88' lang='lat' dir='ltr'><strong>supplendus</strong></span> <span class='ocrx_word' id='word_1_287' title='bbox 1268 3833 1321 3889; x_wconf 89' lang='lat' dir='ltr'><strong>crit</strong></span> 
     </span>
     <span class='ocr_line' id='line_1_34' title="bbox 231 3930 1319 4009; baseline 0.003 -25"><span class='ocrx_word' id='word_1_288' title='bbox 231 3930 441 4004; x_wconf 88' lang='lat' dir='ltr'><strong>quamprimum</strong></span> <span class='ocrx_word' id='word_1_289' title='bbox 463 3933 498 3990; x_wconf 91' lang='lat' dir='ltr'><strong>ab</strong></span> <span class='ocrx_word' id='word_1_290' title='bbox 521 3933 623 3992; x_wconf 90' lang='lat' dir='ltr'><strong>eodem</strong></span> <span class='ocrx_word' id='word_1_291' title='bbox 643 3933 791 4009; x_wconf 87' lang='lat' dir='ltr'><strong>episcopo,</strong></span> <span class='ocrx_word' id='word_1_292' title='bbox 815 3934 840 3992; x_wconf 86' lang='lat' dir='ltr'><strong>si</strong></span> <span class='ocrx_word' id='word_1_293' title='bbox 863 3933 924 3991; x_wconf 90' lang='lat' dir='ltr'><strong>fieri</strong></span> <span class='ocrx_word' id='word_1_294' title='bbox 945 3935 1047 4009; x_wconf 89' lang='lat' dir='ltr'><strong>possit,</strong></span> <span class='ocrx_word' id='word_1_295' title='bbox 1063 3933 1114 3990; x_wconf 91' lang='lat' dir='ltr'><strong>sed</strong></span> <span class='ocrx_word' id='word_1_296' title='bbox 1134 3940 1233 3990; x_wconf 85' lang='lat' dir='ltr'><strong>caetera</strong></span> <span class='ocrx_word' id='word_1_297' title='bbox 1260 3948 1319 3987; x_wconf 94' lang='lat' dir='ltr'><strong>non</strong></span> 
     </span>
    </p>
   </div>
   <div class='ocr_carea' id='block_1_5' title="bbox 230 4026 1319 4187">
    <p class='ocr_par' dir='ltr' id='par_1_5' title="bbox 230 4026 1319 4187">
     <span class='ocr_line' id='line_1_35' title="bbox 230 4026 1319 4109; baseline 0.001 -25"><span class='ocrx_word' id='word_1_298' title='bbox 230 4035 312 4084; x_wconf 89' lang='lat' dir='ltr'><strong>erunt</strong></span> <span class='ocrx_word' id='word_1_299' title='bbox 338 4026 473 4086; x_wconf 89' lang='lat' dir='ltr'><strong>iteranda.</strong></span> <span class='ocrx_word' id='word_1_300' title='bbox 515 4030 634 4090; x_wconf 82' lang='lat' dir='ltr'><strong>Occulta</strong></span> <span class='ocrx_word' id='word_1_301' title='bbox 660 4031 784 4089; x_wconf 87' lang='lat' dir='ltr'><strong>defectus</strong></span> <span class='ocrx_word' id='word_1_302' title='bbox 808 4031 975 4109; x_wconf 87' lang='lat' dir='ltr'><strong>plerumque</strong></span> <span class='ocrx_word' id='word_1_303' title='bbox 1001 4028 1178 4108; x_wconf 87' lang='lat' dir='ltr'><strong>supplendus</strong></span> <span class='ocrx_word' id='word_1_304' title='bbox 1204 4035 1257 4094; x_wconf 89' lang='lat' dir='ltr'><strong>est,</strong></span> <span class='ocrx_word' id='word_1_305' title='bbox 1284 4046 1319 4085; x_wconf 94' lang='lat' dir='ltr'><strong>ne</strong></span> 
     </span>
     <span class='ocr_line' id='line_1_36' title="bbox 231 4123 1091 4187; baseline 0.012 -5"><span class='ocrx_word' id='word_1_306' title='bbox 231 4123 396 4183; x_wconf 84' lang='lat' dir='ltr'><strong>scandalum</strong></span> <span class='ocrx_word' id='word_1_307' title='bbox 410 4137 550 4187; x_wconf 87' lang='lat' dir='ltr'><strong>nascatur.</strong></span> <span class='ocrx_word' id='word_1_308' title='bbox 1090 4135 1091 4142; x_wconf 74' lang='grc'>’</span> 
     </span>
    </p>
   </div>
   <div class='ocr_carea' id='block_1_6' title="bbox 268 4225 1319 4305">
    <p class='ocr_par' dir='ltr' id='par_1_6' title="bbox 268 4225 1319 4305">
     <span class='ocr_line' id='line_1_37' title="bbox 268 4225 1319 4305; baseline -0.002 -21"><span class='ocrx_word' id='word_1_309' title='bbox 268 4229 297 4284; x_wconf 86' lang='grc'><strong>8.</strong></span> <span class='ocrx_word' id='word_1_310' title='bbox 320 4225 443 4283; x_wconf 87' lang='lat' dir='ltr'><strong>Materia</strong></span> <span class='ocrx_word' id='word_1_311' title='bbox 464 4227 644 4305; x_wconf 88' lang='lat' dir='ltr'><strong>episcopatus</strong></span> <span class='ocrx_word' id='word_1_312' title='bbox 667 4227 861 4288; x_wconf 87' lang='lat' dir='ltr'><strong>videturesse</strong></span> <span class='ocrx_word' id='word_1_313' title='bbox 883 4247 1018 4288; x_wconf 88' lang='lat' dir='ltr'><strong>manuum</strong></span> <span class='ocrx_word' id='word_1_314' title='bbox 1036 4225 1192 4303; x_wconf 86' lang='lat' dir='ltr'><strong>impositio,</strong></span> <span class='ocrx_word' id='word_1_315' title='bbox 1207 4242 1269 4298; x_wconf 79' lang='lat' dir='ltr'><strong>qua</strong></span> <span class='ocrx_word' id='word_1_316' title='bbox 1288 4225 1319 4282; x_wconf 89' lang='lat' dir='ltr'><strong>fit</strong></span> 
     </span>
    </p>
   </div>
   <div class='ocr_carea' id='block_1_7' title="bbox 265 4445 1287 4602">
    <p class='ocr_par' dir='ltr' id='par_1_7' title="bbox 265 4445 1287 4602">
     <span class='ocr_line' id='line_1_38' title="bbox 265 4445 1287 4514; baseline 0.002 -20"><span class='ocrx_word' id='word_1_317' title='bbox 265 4447 306 4512; x_wconf 93' lang='lat' dir='ltr'><strong>(l)</strong></span> <span class='ocrx_word' id='word_1_318' title='bbox 327 4445 420 4496; x_wconf 92' lang='lat' dir='ltr'><strong>Bened.</strong></span> <span class='ocrx_word' id='word_1_319' title='bbox 431 4445 501 4496; x_wconf 89' lang='lat' dir='ltr'>XIV.</span> <span class='ocrx_word' id='word_1_320' title='bbox 513 4447 543 4497; x_wconf 92' lang='lat' dir='ltr'><strong>de</strong></span> <span class='ocrx_word' id='word_1_321' title='bbox 555 4447 663 4513; x_wconf 80' lang='lat' dir='ltr'><strong>Synodo,</strong></span> <span class='ocrx_word' id='word_1_322' title='bbox 674 4449 691 4500; x_wconf 87' lang='lat' dir='ltr'><strong>l.</strong></span> <span class='ocrx_word' id='word_1_323' title='bbox 702 4449 742 4499; x_wconf 80' lang='lat' dir='ltr'><strong>vii.</strong></span> <span class='ocrx_word' id='word_1_324' title='bbox 755 4466 776 4502; x_wconf 87' lang='lat' dir='ltr'><strong>c.</strong></span> <span class='ocrx_word' id='word_1_325' title='bbox 785 4449 810 4498; x_wconf 91' lang='lat' dir='ltr'><strong>ii.</strong></span> <span class='ocrx_word' id='word_1_326' title='bbox 822 4465 847 4498; x_wconf 89' lang='lat' dir='ltr'><strong>n.</strong></span> <span class='ocrx_word' id='word_1_327' title='bbox 860 4451 884 4496; x_wconf 79' lang='lat'><strong>5.</strong></span> <span class='ocrx_word' id='word_1_328' title='bbox 1040 4447 1082 4514; x_wconf 77' lang='lat'><strong>(2)</strong></span> <span class='ocrx_word' id='word_1_329' title='bbox 1101 4445 1201 4505; x_wconf 80' lang='lat' dir='ltr'><strong>ibidem,</strong></span> <span class='ocrx_word' id='word_1_330' title='bbox 1210 4461 1236 4494; x_wconf 90' lang='lat' dir='ltr'><strong>n.</strong></span> <span class='ocrx_word' id='word_1_331' title='bbox 1248 4447 1287 4496; x_wconf 82' lang='lat' dir='ltr'><strong>lo.</strong></span> 
     </span>
     <span class='ocr_line' id='line_1_39' title="bbox 265 4529 1287 4602; baseline 0.002 -24"><span class='ocrx_word' id='word_1_332' title='bbox 265 4533 307 4598; x_wconf 83' lang='lat'><strong>(³)</strong></span> <span class='ocrx_word' id='word_1_333' title='bbox 327 4533 353 4582; x_wconf 81' lang='lat' dir='ltr'><strong>S.</strong></span> <span class='ocrx_word' id='word_1_334' title='bbox 364 4531 439 4598; x_wconf 85' lang='lat' dir='ltr'><strong>Alph.</strong></span> <span class='ocrx_word' id='word_1_335' title='bbox 451 4532 466 4582; x_wconf 87' lang='grc' dir='ltr'><strong>Ι.</strong></span> <span class='ocrx_word' id='word_1_336' title='bbox 478 4533 510 4583; x_wconf 85' lang='lat' dir='ltr'><strong>ri.</strong></span> <span class='ocrx_word' id='word_1_337' title='bbox 522 4549 548 4584; x_wconf 90' lang='lat' dir='ltr'><strong>n.</strong></span> <span class='ocrx_word' id='word_1_338' title='bbox 558 4533 616 4583; x_wconf 75' lang='lat' dir='ltr'><strong>rto.</strong></span> <span class='ocrx_word' id='word_1_339' title='bbox 719 4536 761 4602; x_wconf 88' lang='grc'><strong>(4)</strong></span> <span class='ocrx_word' id='word_1_340' title='bbox 781 4534 844 4599; x_wconf 84' lang='lat' dir='ltr'><strong>Oap.</strong></span> <span class='ocrx_word' id='word_1_341' title='bbox 855 4533 871 4583; x_wconf 78' lang='lat' dir='ltr'><strong>i.</strong></span> <span class='ocrx_word' id='word_1_342' title='bbox 882 4531 912 4584; x_wconf 72' lang='lat' dir='ltr'><strong>de</strong></span> <span class='ocrx_word' id='word_1_343' title='bbox 921 4532 1083 4584; x_wconf 77' lang='lat' dir='ltr'><strong>sacramentis</strong></span> <span class='ocrx_word' id='word_1_344' title='bbox 1095 4546 1146 4581; x_wconf 82' lang='lat' dir='ltr'><strong>nort</strong></span> <span class='ocrx_word' id='word_1_345' title='bbox 1157 4529 1287 4584; x_wconf 81' lang='lat' dir='ltr'><strong>iterandis.</strong></span> 
     </span>
    </p>
   </div>
   <div class='ocr_carea' id='block_1_8' title="bbox 0 0 1578 5192">
    <p class='ocr_par' dir='ltr' id='par_1_8' title="bbox 0 0 1578 5192">
     <span class='ocr_line' id='line_1_40' title="bbox 0 0 1578 5192; baseline 0 0"><span class='ocrx_word' id='word_1_346' title='bbox 0 0 1578 5192; x_wconf 95' lang='lat' dir='ltr'><strong> </strong></span> 
     </span>
    </p>
   </div>
  </div>
 </body>
</html>
