3144 5192
510 1424 841 1502 TRAOTATUS
885 1426 976 1502 XX.

414 1687 480 1750 nu
507 1685 768 1752 nxnnaMA
796 1689 1074 1766 utronno-nn.

587 1965 894 1976 ...-.—---—-....

571 2169 714 2230 CAPUT
734 2169 918 2230 UNIOUM.

492 2391 518 2465 §.
533 2389 557 2448 1.
599 2389 647 2448 Dn
667 2409 804 2450 uranius
823 2408 864 2448 ur
884 2408 993 2448 sonnis.

243 2583 269 2639 1.
291 2578 431 2637 Extrema
443 2578 540 2636 unctio
553 2588 597 2636 est
607 2588 815 2650 sacramentum
826 2598 842 2635 a
853 2577 972 2637 Christo
983 2577 1111 2638 Domino
1120 2579 1289 2650 institutum,

201 2698 256 2752 puo
270 2697 322 2756 per
333 2677 497 2736 unctionem
511 2678 569 2737 olei
589 2687 616 2736 et
636 2678 795 2738 orationem
819 2678 995 2736 asacerdote
1016 2678 1129 2748 factam,
1148 2680 1290 2739 confertur

200 2788 316 2856 aegroto,
330 2778 388 2834 vita
410 2777 592 2853 periclitanti,
606 2779 706 2854 gratia,
729 2797 786 2851 qua
809 2777 1010 2837 tentationibus
1035 2779 1155 2849 resistat,
1176 2779 1289 2839 dolores

122 2864 125 2869 ¹
154 2908 157 2915 ·
201 2877 319 2954 patienti
333 2877 431 2935 animo
443 2875 522 2944 serat,
533 2886 562 2933 et
574 2877 821 2953 peccatireliquiis
836 2878 980 2946 abstersis,
991 2879 1064 2936 bene
1072 2879 1227 2938 moriatur:
1243 2880 1290 2938 vel

201 2976 225 3033 si
239 2977 278 3033 ita
291 2973 424 3050 expediat
437 2975 537 3033 auimae
547 2975 640 3043 saluti,
654 2976 803 3053 pristinam
817 2986 966 3053 recuperet
975 2977 1135 3035 sanitatem.
1177 2977 1290 3037 Christi

202 3074 340 3131 institutio
354 3091 391 3130 ex
405 3073 436 3130 S.
451 3073 471 3132 J
474 3074 554 3132 acobi
575 3074 667 3133 verbis
686 3076 751 3152 jure
765 3076 875 3152 optimo
897 3075 1048 3152 colligitur,
1062 3093 1116 3132 nec
1136 3077 1213 3134 enim
1234 3077 1290 3136 nisi

200 3172 335 3232 divinitus
343 3171 506 3241 instructus,
518 3171 716 3250 descripsisset
728 3184 802 3233 certa
812 3193 877 3232 cum
885 3173 989 3233 fiducia
1001 3173 1119 3233 effectus
1128 3175 1288 3232 unctionis:

112 3283 113 3288 ’
202 3280 221 3307 “
234 3271 397 3332 Infirmatur
410 3273 475 3346 quis
496 3274 526 3331 in
544 3273 646 3330 vobisl
666 3273 781 3333 inducat
800 3274 982 3349 presbyteros
996 3273 1145 3342 Ecclesiae,
1160 3283 1188 3331 et
1210 3284 1291 3334 orent

201 3389 287 3450 super
306 3390 382 3440 eum,
396 3381 535 3450 ungentes
549 3390 615 3429 eum
635 3372 710 3441 oleo,
725 3383 753 3431 et
772 3373 861 3431 oratio
875 3371 944 3432 fidei
966 3372 1085 3431 salvabit
1098 3373 1252 3441 infirmum,
1263 3384 1292 3432 et

202 3470 343 3547 alleviabit
356 3491 421 3530 eum
445 3471 599 3539 Dominus,
613 3480 642 3529 et
660 3473 686 3530 si
698 3474 729 3531 in
742 3473 866 3549 peccatis
880 3473 928 3541 sit,
942 3473 1121 3532 remittentur
1139 3467 1215 3531 ei.”1
1256 3473 1288 3531 S.

200 3570 330 3631 Thomas
343 3573 496 3649 opiniones
519 3571 646 3630 diversas
660 3571 695 3629 de
709 3573 772 3649 ejus
786 3572 961 3631 institutione
974 3581 1121 3631 recenset:
1144 3581 1163 3608 ‘⁶
1173 3571 1289 3646 quidam

201 3673 278 3730 enim
301 3671 408 3741 dicunt,
423 3670 502 3746 quod
522 3680 729 3730 sacramentum
752 3670 838 3740 istud,
854 3680 882 3729 et
905 3672 1139 3742 confirmationis,
1154 3671 1289 3733 Christus
1364 3712 1366 3716 .

201 3789 259 3828 non
272 3771 391 3830 instituit
404 3791 456 3848 per
468 3791 511 3840 se,
523 3770 573 3829 sed
593 3770 744 3846 Apostolis
759 3771 966 3830 instituendum
979 3772 1098 3832 dimisit.
1115 3815 1216 3831 ......
1231 3773 1290 3831 Alii

201 3866 307 3935 dicunt,
321 3869 396 3941 quod
410 3871 507 3929 omnia
526 3879 705 3928 sacramenta
719 3868 854 3929 Christus
874 3872 995 3930 instituit
1013 3890 1065 3947 per
1078 3873 1223 3946 seipsum:
1239 3870 1290 3928 sed

201 3964 332 4039 quadam
345 3985 397 4043 per
410 3970 537 4045 seipsum
557 3970 759 4047 promulgavit,
774 3989 837 4043 quae
858 3981 925 4029 sunt
938 3970 1052 4046 majoris
1066 3969 1240 4027 difficultatis
1255 3967 1291 4025 ad

201 4064 392 4134 credendum
408 4067 536 4139 quaedam
550 4075 643 4126 autern
657 4069 805 4145 Apostolis
820 4068 1025 4146 promulganda
1038 4068 1202 4135 reservavit,
1217 4068 1291 4125 sicut

200 4175 357 4223 extremam
380 4167 545 4225 unctionem
558 4176 586 4225 et
599 4168 853 4252 confirmationem.
888 4168 928 4227 Et
941 4168 1003 4226 haec
1023 4167 1121 4243 opinio
1141 4184 1193 4242 pro
1213 4175 1291 4226 tauto

201 4265 312 4323 videtur
325 4263 506 4341 probabilior,
516 4267 582 4340 quia
595 4277 770 4327 sacramenta
782 4267 818 4326 ad
831 4267 1046 4326 fundamentum
1056 4265 1127 4343 legis
1138 4266 1289 4343 pertinent:

653 4461 695 4528 (l)
714 4460 800 4512 laea.
818 4462 857 4510 14.
