3124 5168
244 523 284 580 eu
403 517 460 578 DE
482 515 759 578 RECEPTIONE
781 515 1178 580 SAORAMENTORUM.

689 1041 831 1104 CAPUT
852 1042 891 1100 V.

521 1255 561 1297 DE
582 1256 771 1302 uosrdtortn
791 1255 1061 1302 SAORAHENTORUM·

288 1421 337 1478 39.
359 1417 402 1474 Ut
413 1413 508 1474 valide
521 1417 713 1494 suscipiantur
726 1437 743 1474 a
755 1417 881 1494 parvulis
895 1425 1081 1485 sacramenta,
1097 1415 1175 1475 nulla
1188 1416 1338 1489 requiritur

247 1518 366 1579 intentio
378 1516 425 1574 vel
438 1513 598 1591 dispositio,
612 1517 654 1576 uti
665 1535 703 1580 ex
716 1516 857 1578 Ecclesia
877 1513 1027 1578 traditione
1040 1523 1168 1574 constat:
1189 1515 1340 1575 consuevit

247 1617 357 1676 seilicet
368 1615 525 1692 baptismus
538 1613 691 1672 infantibus
705 1615 870 1673 ministrari.
904 1611 1003 1692 Viguit
1015 1615 1100 1674 etiam
1114 1615 1266 1688 antiquitus
1276 1632 1338 1672 mos

248 1715 493 1776 confirmationem
506 1721 535 1770 et
546 1713 759 1773 Eucharistiam
774 1715 810 1772 iis
824 1713 1024 1782 ministrandi3
1045 1732 1099 1772 nec
1119 1712 1212 1773 adhuc
1225 1713 1337 1790 penitus

248 1813 323 1894 apud
337 1811 497 1872 Orientales
507 1811 617 1886 desiit.¹
643 1813 707 1872 lmo
718 1811 832 1872 ordines
847 1815 926 1889 ipsos
940 1831 1036 1872 sacros
1050 1811 1204 1872 infantibus
1218 1811 1337 1871 collatos

247 1915 352 1982 valere,
360 1933 397 1976 ex
411 1909 497 1972 Bulla
509 1909 594 1971 Inter
607 1910 753 1972 sollicitae
759 1932 773 1983 ,·
788 1911 938 1971 Benedicti
951 1903 1051 1974 x1v.¹
1063 1911 1192 1982 habetur,
1208 1911 1336 1986 quamvis

248 2012 327 2090 optio
358 2013 400 2070 eis
427 2010 518 2078 detur,
550 2021 703 2088 postquam
729 2030 836 2070 annum
862 2009 1159 2071 decimumoctavum
1184 2011 1336 2087 attigerint,

249 2108 409 2168 abstinendi
422 2108 457 2165 ab
469 2107 578 2166 ordinis
592 2110 737 2178 exercitio,
752 2117 781 2166 et
793 2110 831 2168 ita
844 2109 1002 2187 effugiendi
1016 2129 1088 2169 onus
1103 2111 1257 2169 coelibatus.

288 2211 338 2266 40.
360 2207 434 2267 Ante
457 2206 630 2284 baptismum
652 2207 762 2267 nullum
783 2207 859 2270 aliud
878 2219 1087 2269 sacramentum
1108 2209 1216 2286 suscipi
1234 2213 1338 2286 potest,

248 2315 293 2367 est
305 2307 382 2368 enim
398 2315 417 2344 “
429 2304 653 2365 fundamentum
669 2316 698 2365 et
714 2308 806 2385 janua
823 2308 1000 2384 reliquomm
1010 2301 1057 2368 :'’²
1076 2309 1139 2386 ipse
1161 2321 1255 2368 autem
1272 2306 1340 2382 bap·

249 2408 350 2467 tismus
363 2425 424 2468 non
435 2403 520 2474 valet,
534 2407 560 2464 si
580 2405 692 2466 adultus
713 2407 876 2485 suscipiens
896 2419 997 2468 renuat
1018 2426 1191 2468 eonsensum
1205 2407 1338 2486 praebere,

245 2508 330 2586 juxta
342 2506 413 2567 illud
426 2505 586 2566 Innocentii
599 2506 655 2565 ΙΙΙ.
671 2514 690 2542 “
702 2506 752 2579 qui
762 2525 907 2580 nunquam
921 2506 1069 2572 consentit,
1084 2507 1135 2564 sed
1145 2507 1260 2582 penitus
1274 2523 1340 2563 con·

250 2604 369 2674 tradieit,
384 2624 437 2663 nec
450 2621 522 2672 rem,
535 2622 591 2663 nec
612 2605 802 2663 characterem
824 2605 946 2681 suscipit
958 2597 1177 2661 sacramenti.'’³
1218 2586 1340 2676 llequiri

250 2706 369 2780 insuper
382 2703 417 2760 ad
429 2701 555 2760 valorem
568 2705 736 2762 sacramenti
749 2705 780 2762 in
800 2702 901 2763 adultis
921 2704 967 2763 sui
988 2701 1140 2774 aliquando
1159 2700 1341 2776 compotibus

251 2802 375 2875 aliquam
398 2801 584 2860 intentionem
605 2802 840 2861 communissima
860 2799 1120 2879 docenttheologi,
1135 2817 1256 2874 quorum
1277 2817 1342 2859 sen·

252 2901 367 2960 tentiam
381 2900 511 2978 probavit
530 2899 703 2960 Benedictus
716 2894 818 2960 XIV.⁴
857 2900 1016 2969 Aaronem,
1037 2901 1084 2959 vel
1102 2898 1262 2967 virtualem,
1283 2917 1342 2958 non

251 3017 315 3059 esse
328 3001 530 3069 necessariam,
550 3000 633 3059 docet
652 3000 731 3060 idem
753 3001 898 3069 Pontifex,
917 3003 1002 3079 juxta
1021 3011 1187 3077 perpetuam
1201 2997 1340 3057 Ecclesiae

251 3100 560 3175 consuetudinemque
570 3101 764 3178 quibaptizati
774 3109 841 3158 sunt
854 3110 991 3168 amentes,
999 3099 1044 3157 vel
1057 3099 1190 3158 sensibus
1203 3097 1340 3164 destituti,

250 3189 441 3273 uunquam'ad
451 3200 552 3259 iterum
566 3197 781 3275 suscipiendum
793 3198 968 3273 baptismum
984 3198 1074 3256 coacti
1095 3207 1171 3268 sunt,
1185 3191 1340 3256 dummodo

251 3305 334 3356 antea
351 3297 485 3373 baptismi
507 3295 679 3357 desiderium
699 3296 859 3356 habuerint.
901 3293 955 3356 Sic
971 3297 1130 3374 praeseribit
1149 3297 1263 3356 Rituale
1283 3295 1342 3354 Ro-

251 3413 384 3456 manum:
408 3403 427 3431 “
438 3405 565 3457 amentes
578 3407 607 3455 et
628 3397 729 3457 furiosi
748 3415 807 3456 non
821 3397 1000 3475 baptizentur
1013 3397 1070 3456 nisi
1083 3396 1152 3454 tales
1166 3418 1183 3454 a
1195 3396 1340 3455 nativitate

251 3495 374 3564 fuerint;
390 3537 398 3552 .
413 3537 421 3552 .
437 3537 445 3553 .
459 3495 512 3556 sed
525 3497 551 3555 si
564 3495 688 3555 dilucida
701 3497 824 3554 habeant
836 3496 993 3563 intervalla,
1002 3495 1069 3554 dum
1079 3497 1183 3554 mentis
1194 3503 1340 3573 compotes

251 3600 328 3660 sunt,
343 3593 530 3668 baptizentur,
545 3595 570 3651 si
581 3593 678 3651 velint.
700 3592 734 3648 Si
746 3590 813 3649 verb
828 3602 981 3666 antequam
991 3594 1157 3665 insanirent,
1167 3594 1341 3673 suscipiendi

252 3690 384 3768 baptismi
398 3689 571 3749 desiderium
585 3690 769 3759 ostenderint,
785 3711 817 3749 ac
830 3691 894 3749 vitre
908 3693 1065 3768 periculum
1086 3694 1242 3763 immineat,
1256 3694 1341 3753 etiam

252 3791 349 3850 sinon
363 3791 421 3848 sint
432 3799 582 3869 compotes
595 3792 710 3861 mentis,
724 3785 952 3867 baptizentur.”⁵
992 3792 1134 3852 Nonnulli
1147 3794 1230 3852 etiam
1244 3794 1343 3852 dicunt

251 3891 390 3970 baptizari
408 3907 494 3966 posse
513 3908 580 3950 eum
601 3892 650 3966 qui
670 3891 859 3950 intentionem
881 3890 1046 3967 explicitam
1069 3894 1237 3952 sacramenti
1255 3893 1342 3971 hujus

251 3989 428 4071 suscipiendi
441 4008 587 4070 nunquam
600 3990 708 4060 habuit,
719 3988 873 4054 dummodo
886 3990 1067 4068 probabiliter
1080 4001 1228 4053 censeatur
1238 3993 1341 4053 habere

288 4201 331 4267 (1)
351 4201 483 4256 Bulltii.
493 4218 519 4268 p.
532 4204 588 4251 128.
858 4203 901 4269 (2)
922 4199 1255 4272 cip.itdecogm.rptr.rn
1267 4206 1290 4253 6.

286 4285 330 4352 (³)
350 4285 412 4352 Gap.
423 4288 537 4354 Majores,
547 4286 577 4339 de
588 4287 657 4357 bapt.

291 4369 336 4438 (4)
355 4369 467 4421 Instruct.
478 4373 508 4422 ds
519 4373 591 4438 Bapt
602 4373 745 4446 incipiente:
765 4373 894 4428 Postremo
906 4390 995 4427 mutre-
1007 4374 1087 4428 Bulla.
1099 4381 1117 4428 t.
1127 4375 1153 4426 ii.
1163 4389 1189 4427 u.
1199 4376 1241 4428 46.

291 4456 334 4527 (b)
353 4454 392 4511 De
403 4457 468 4526 bapt.
479 4457 553 4512 edult.
