3172 5172
288 547 344 604 168
535 541 592 602 DE
615 539 780 602 SIGILLO
801 538 1121 602 CONFESSIONIS.

325 713 375 769 79.
390 708 505 768 Directe
520 707 652 786 proderet
664 725 808 776 arcanum,
824 707 872 781 qui
882 707 988 782 aliquid
1002 709 1057 766 sibi
1071 707 1374 768 confitendocommis-

285 827 348 868 sum
362 808 515 886 panderet:
536 807 588 866 sed
607 806 772 880 nequidem
792 807 919 885 suspicio
944 807 1089 866 levissima
1108 807 1200 884 culpae
1221 808 1375 886 ingerenda

285 916 339 976 est,
348 927 397 968 seu
412 927 493 976 voce,
508 927 560 966 seu
573 915 665 986 gestu,
678 925 732 965 nec
742 905 812 980 quid
824 905 985 966 faciendum
998 905 1074 979 quod
1096 924 1248 984 gravamen
1263 908 1369 966 afferat.

286 1007 332 1066 De
346 1009 461 1068 neruiue
480 1025 606 1082 unquam
626 1004 778 1065 dicendum
804 1023 869 1063 eum
890 1007 1009 1063 mortale
1035 1005 1150 1078 aliquod
1171 1016 1318 1084 peccatum
1344 1008 1374 1064 in

286 1109 467 1167 confessione
480 1106 646 1184 deposuisse
660 1124 668 1161 r
683 1103 849 1177 nequidem
864 1106 889 1162 si
910 1105 979 1163 alias
995 1113 1107 1163 constet
1118 1124 1185 1164 eum
1205 1124 1269 1163 esse
1287 1106 1374 1182 pluri·

286 1224 442 1273 umreum3
457 1225 522 1264 nam
536 1225 589 1265 nec
603 1213 715 1282 oportet
728 1203 815 1261 animi
829 1201 956 1262 dolorem
969 1204 1118 1274 eximium,
1131 1223 1188 1279 quo
1198 1223 1249 1262 sua
1259 1213 1374 1281 peccata

286 1306 435 1364 confessus
448 1313 500 1373 est,
515 1305 619 1364 testari.
642 1304 799 1376 Nunquam
812 1301 907 1361 dicere
920 1302 986 1361 lieet
999 1321 1030 1361 se
1044 1321 1103 1361 non
1116 1303 1272 1362 absolvisse
1286 1322 1373 1377 quen·

286 1403 362 1472 dam,
377 1404 422 1461 vel
444 1422 511 1462 curn
531 1423 611 1462 suam
631 1402 842 1462 confessionem
864 1401 940 1460 haud
961 1401 996 1460 ad
1019 1402 1106 1462 finem
1131 1401 1314 1481 perduxisse,
1328 1404 1374 1460 vel

286 1503 378 1562 adbuc
391 1501 426 1560 ad
439 1499 671 1562 communionem
684 1520 743 1562 non
756 1501 924 1570 accessisse,
938 1502 985 1560 vel
998 1500 1034 1560 ad
1053 1501 1131 1562 aliud
1151 1512 1264 1580 tempus
1283 1502 1372 1561 fuisse

286 1603 455 1662 remissum:
471 1602 532 1661 hoec
546 1603 622 1660 enim
644 1601 740 1660 omnia
752 1601 946 1676 suspicionem
969 1601 1103 1678 ingerunt
1122 1601 1231 1678 peccati
1250 1601 1372 1660 lethalis.

286 1702 333 1761 De
356 1701 514 1760 venialibus
527 1701 724 1778 poenitentium
737 1699 829 1775 culpis
844 1700 928 1757 etiarn
942 1700 1029 1758 altum
1043 1701 1187 1759 silentium
1200 1709 1244 1758 est
1262 1719 1375 1759 servan·

287 1801 355 1860 dum
368 1822 374 1858 r
397 1819 450 1859 nec
463 1801 576 1859 collatio
590 1797 717 1857 facienda
730 1806 784 1866 est,
799 1808 830 1856 ut
843 1797 878 1856 de
892 1798 1015 1871 quodam
1029 1797 1138 1858 dicatur
1150 1817 1216 1858 eum
1228 1800 1290 1857 sola
1300 1801 1376 1857 veni-

288 1902 343 1959 alia
355 1900 539 1967 confessum3
567 1897 633 1958 inde
648 1899 725 1956 enirn
751 1897 902 1956 inferretur
922 1897 993 1955 alios
1016 1907 1195 1974 peccatorum
1214 1899 1376 1957 mortalium

288 2018 352 2058 esse
366 2018 440 2058 reos.
471 1999 549 2057 Dicit
563 1999 594 2056 S.
609 1996 775 2075 Alphonsus
784 2015 842 2055 non
855 1997 946 2073 frangi
961 1997 1084 2074 sigillum
1099 1997 1219 2055 dicendo
1231 1995 1374 2070 quendam

286 2099 378 2157 solam
392 2099 537 2156 materiam
550 2098 644 2156 levem
658 2095 823 2155 consessum
838 2083 924 2153 essai
946 2115 1030 2155 secus
1044 2099 1069 2155 si
1088 2086 1193 2154 dicatu‘r
1206 2114 1271 2154 eum
1292 2096 1374 2172 plura

288 2198 412 2255 venialia
424 2190 579 2254 retulisse.¹
613 2195 782 2255 Cavendum
802 2205 846 2253 cst
859 2194 927 2253 dum
947 2196 1127 2272 excipiuntur
1144 2195 1323 2272 prenitentes,
1338 2213 1374 2253 ne

286 2315 356 2356 voce
370 2296 471 2364 altiori,
485 2297 687 2374 increpatione,
703 2295 748 2355 vel
761 2295 843 2372 signo
861 2295 957 2368 aliquo
979 2295 1139 2354 innotescat
1159 2293 1296 2368 quioquid
1315 2313 1376 2352 sus·

287 2398 430 2474 picioncm
450 2396 576 2474 injiciatr
600 2396 666 2455 ideo
687 2395 783 2454 animo
809 2405 919 2471 pacato,
942 2411 1012 2453 voce
1034 2407 1127 2453 autem
1142 2394 1293 2463 submissa,
1307 2394 1376 2452 etin

286 2497 429 2564 tribunali,
456 2497 486 2553 in
505 2495 569 2554 loco
589 2497 695 2573 patenti
720 2503 749 2553 et
770 2494 885 2571 publico
913 2493 1029 2566 quidem
1048 2505 1153 2564 erecto,
1180 2495 1376 2553 confessiones

287 2594 463 2672 excipiendae
474 2605 550 2653 sunt.

326 2697 375 2750 80.
397 2694 430 2750 Si
451 2693 643 2752 confessarius
663 2695 697 2752 ab
718 2695 799 2753 initio
825 2693 1029 2753 animadvertat
1049 2697 1233 2771 poenitentem
1257 2692 1389 2752 surdum

286 2809 359 2859 esse,
372 2790 455 2848 debet
467 2791 562 2849 locum
583 2802 612 2850 et
631 2801 743 2870 tempus
763 2793 914 2870 designare
938 2794 1086 2853 audiendae
1108 2796 1171 2873 ejus
1189 2793 1374 2860 confessioni,

286 2891 336 2948 ubi
348 2890 457 2949 nullum
471 2891 507 2948 sit
520 2891 678 2967 periculum
692 2911 728 2951 ne
742 2893 790 2951 alii
813 2893 945 2952 audiant:
968 2892 1045 2967 quod
1068 2893 1185 2966 quidem
1205 2893 1301 2953 licebit
1323 2893 1379 2950 alta

286 3008 357 3049 voce
372 2990 507 3067 proferre,
523 3010 612 3064 quum
626 2993 736 3051 noverit
756 3011 821 3052 eum
844 2994 960 3053 surdum
984 3011 1059 3062 esse,
1074 2993 1151 3051 haud
1169 3011 1207 3051 ex
1227 2995 1290 3072 ejus
1311 3011 1378 3050 con-

287 3091 422 3159 fessione,
446 3091 497 3148 sed
528 3092 604 3164 quod
631 3091 672 3152 illi
702 3094 895 3170 interroganti,
925 3110 985 3151 non
1009 3091 1188 3170 respondeat.
1242 3093 1275 3151 si
1300 3090 1379 3150 surdi

287 3199 372 3250 tatem
387 3209 446 3249 non
459 3190 686 3250 anImadverterit
699 3193 754 3250 nisi
768 3193 797 3252 in
818 3193 1008 3252 confessionis
1029 3209 1191 3269 progressu,
1206 3209 1263 3250 non
1283 3191 1380 3249 licebit

286 3307 351 3347 eum
376 3289 524 3358 dimittere,
546 3291 614 3363 quia
633 3290 743 3350 dabitur
761 3292 842 3351 locus
862 3291 1026 3370 suspicandi
1048 3310 1113 3349 eum
1133 3310 1218 3368 grave
1231 3299 1377 3368 peecatum

286 3389 451 3447 confessum
477 3407 552 3459 esse,
576 3390 653 3463 quod
675 3410 735 3450 non
759 3394 828 3450 satis
854 3392 1041 3469 explicuerit:
1065 3390 1116 3448 sed
1136 3400 1249 3468 peracta
1271 3391 1306 3448 ab
1328 3389 1377 3448 illo

286 3497 467 3564 peccatorum
482 3489 664 3548 confessione
679 3509 735 3562 qua
754 3493 879 3568 potuerit
891 3492 1009 3559 ratione,
1024 3489 1213 3548 absolvendus
1227 3491 1281 3548 erit
1293 3489 1377 3547 obro-

286 3585 393 3644 lutosi
413 3586 542 3643 videatur
563 3587 731 3664 dispositus,
745 3590 800 3646 sub
819 3589 980 3648 conditione
1001 3588 1079 3657 verb,
1100 3591 1125 3648 si
1139 3589 1290 3666 dispositio
1313 3589 1376 3665 ejus

285 3683 370 3741 dubia
389 3683 525 3741 videatur.
566 3685 609 3743 Ita
635 3695 733 3744 censet
754 3688 787 3745 S.
808 3688 985 3764 Alphonsus,
1008 3689 1058 3764 qui
1077 3707 1175 3748 casum
1200 3690 1278 3746 hune
1299 3685 1374 3765 apud

286 3784 430 3842 neminem
444 3781 639 3860 theologorum
653 3803 684 3842 se
698 3788 840 3864 reperisse
854 3781 994 3847 testatur.²

325 3887 375 3941 81.
391 3880 501 3940 contra
514 3901 646 3942 arcanum
660 3894 688 3942 et
701 3887 870 3946 sacramenti
883 3889 1070 3948 reverentiam
1084 3897 1224 3966 peccaret,
1233 3888 1281 3961 qui
1291 3903 1375 3966 grave

286 3982 401 4057 aliquod
414 3991 561 4061 peccatum
575 4001 612 4042 ex
632 3984 812 4045 confessione
832 3996 931 4045 notum
946 3988 975 4048 in
989 3997 1064 4046 coetu
1078 3989 1213 4061 quodam,
1228 4005 1280 4046 seu
1300 4005 1377 4045 eom-

188 4113 190 4118 .
283 4085 420 4143 munitate
428 4072 584 4143 admissum
594 4084 719 4143 referret:
734 4084 801 4145 inde
814 4086 891 4145 enim
901 4086 1019 4146 infamia
1033 4088 1154 4148 oriretur
1162 4086 1371 4152 communitati,

286 4183 361 4242 haud
375 4186 437 4243 siue
460 4184 637 4261 singulomm
663 4187 838 4263 grarmine.
881 4185 941 4245 Sed
964 4206 1018 4246 nec
1036 4185 1106 4246 licet
1130 4187 1224 4248 dicere
1245 4185 1376 4252 deloco,

286 4284 443 4357 praesertim
468 4302 567 4361 parvo,
589 4284 697 4345 scelera
721 4287 851 4360 quaedam
873 4286 911 4345 ibi
935 4287 1128 4362 frequentiora
1153 4305 1239 4346 esse:
1262 4287 1320 4346 imo
1341 4282 1377 4341 de

448 4503 498 4568 ·(¹)
517 4501 547 4552 L·
558 4505 589 4553 vi.
602 4521 627 4554 n.
639 4508 696 4556 640.
947 4513 984 4574 (2)
1002 4508 1102 4572 Ibidem,
1113 4525 1139 4560 n.
1151 4509 1209 4559 644.
