3108 5162
279 543 338 598 ³40
475 537 532 600 DE
553 537 871 598 lMPEDlMENTIS
892 537 1165 598 MATRIMONIL

278 704 426 772 sadonem,
453 707 661 774 intercesserit;
694 705 739 763 vel
768 704 848 781 prole
876 706 937 782 jaun
964 704 1075 771 habitat
1108 706 1152 762 vel
1184 703 1382 760 matrimonio

279 813 433 862 contracto.
487 803 697 862 Declarandum
723 811 767 860 est
799 813 891 862 autem
916 813 1009 861 utrum
1041 802 1293 879 impedimentum
1324 809 1384 858 ante

279 903 392 977 nuptias
401 903 506 971 norint,
516 914 564 962 aut
572 904 686 960 nonnisi
695 911 809 980 postea:
826 911 953 960 etutrum
963 904 1061 960 ineam
1072 919 1164 958 rerum
1174 900 1384 958 conditionem

280 1001 409 1058 consulto
423 1019 454 1059 se
468 1001 646 1068 adduxerint,
661 1011 691 1058 ut
703 1000 878 1076 dispensatio
892 1000 1001 1058 [acilius
1016 998 1239 1060 concederetur.

322 1103 390 1158 159.
415 1100 535 1160 Crimen
550 1098 624 1172 quod
646 1098 764 1175 impedit
777 1117 812 1157 ne
833 1098 1042 1156 matrimonium
1056 1097 1147 1154 valeat
1165 1095 1326 1164 contrahi,
1344 1105 1386 1151 est

281 1197 477 1266 homicidium,
491 1199 536 1255 vel
554 1198 733 1264 adulterium,
748 1198 793 1254 vel
807 1207 969 1268 utrumque.
1014 1194 1114 1254 Caedes
1129 1196 1306 1253 alterutrius
1321 1213 1385 1252 con-

277 1297 356 1373 jugis
370 1317 405 1354 ex
425 1297 635 1372 conspiratione
651 1306 746 1355 mutua
760 1304 866 1372 patrata
878 1296 913 1352 ab
933 1296 1075 1360 alterutro,
1089 1293 1134 1350 vel
1148 1296 1217 1370 ejus
1235 1293 1383 1357 mandato,

282 1395 326 1450 vel
349 1395 491 1462 suasione,
506 1405 537 1453 ut
556 1395 690 1472 deinceps
708 1396 836 1452 ineantur
851 1412 915 1451 cum
934 1395 1084 1468 superstite
1105 1394 1237 1470 conjuge
1264 1393 1384 1466 nuptiae,

280 1493 347 1550 lacit
360 1503 390 1550 ut
403 1504 545 1566 nequeant
558 1495 633 1562 iniri,
648 1494 714 1552 licet
734 1493 899 1551 adulterium
915 1492 990 1549 haud
1005 1492 1161 1550 admissum
1176 1493 1239 1549 sit:
1267 1509 1338 1547 nam
1352 1487 1384 1544 de
1434 1526 1436 1530 .

282 1591 443 1659 Saracenis,
455 1595 542 1666 quiin
558 1595 717 1670 captivitate
733 1601 752 1628 “
762 1591 945 1664 quarumdam
962 1590 1176 1649 christianarum
1185 1592 1275 1647 viros
1287 1605 1383 1646 earum

281 1690 393 1749 insidiis
407 1701 435 1748 et
455 1691 709 1750 machinationibus
730 1688 927 1758 occiderunt,''
940 1689 1090 1748 delinitum
1104 1699 1156 1756 cst,
1179 1698 1199 1724 ‘⁶
1213 1687 1302 1761 quod
1318 1687 1381 1742 siin

281 1799 399 1848 mortem
415 1791 541 1866 ipsomm
562 1791 702 1848 malitiose
715 1789 820 1849 fuerint
840 1789 1015 1856 machinatu,
1029 1788 1096 1847 licet
1115 1806 1215 1845 aarum
1232 1785 1335 1844 studio
1349 1783 1380 1840 ad

280 1887 367 1946 fidem
389 1891 568 1957 accesserint,
583 1909 636 1948 nec
650 1901 742 1947 tamen
757 1891 798 1947 cis
819 1888 961 1946 adhaerere
983 1888 1098 1955 debent,
1112 1905 1164 1944 nec
1185 1898 1272 1953 sunt,
1289 1887 1316 1942 si
1336 1881 1379 1939 ad·

281 1985 426 2058 heserint,
442 1992 526 2049 etiam
540 1984 723 2047 tolerandi.”¹
764 1989 855 2046 Secus
864 1989 890 2044 si
903 1987 979 2046 nulla
993 1988 1169 2063 praeessent
1179 1987 1338 2056 utriusque
1351 1983 1377 2038 iu

281 2085 386 2146 cedem
408 2089 589 2165 conspiratio,
604 2107 668 2146 narn
691 2087 839 2144 Saracenis
854 2084 889 2142 ad
902 2086 989 2144 fidem
1009 2085 1154 2143 conversis
1166 2085 1252 2142 licuit
1274 2082 1376 2140 viduas

282 2202 379 2242 eorum
401 2186 512 2253 ducere,
528 2204 601 2258 quos
615 2187 643 2244 in
658 2185 756 2262 praelio
776 2178 964 2243 occiderant.²
1004 2185 1053 2242 Ex
1074 2185 1232 2242 intentione
1256 2179 1376 2241 ineundi

282 2283 453 2341 matrimonii
462 2283 555 2344 caedes
567 2293 672 2362 patrata
682 2285 720 2342 sit
729 2303 847 2343 necesse
857 2294 910 2351 cst,
919 2281 1018 2341 saltem
1028 2285 1061 2341 ab
1072 2284 1205 2342 alterutro
1214 2292 1246 2339 et
1256 2280 1373 2355 quidem

255 2391 268 2398 “
282 2380 360 2440 alteri
368 2385 556 2452 manifestata,
568 2385 668 2444 saltem
681 2403 731 2462 per
741 2373 1048 2444 indiciasufficientia.³
1062 2401 1064 2407 ’
1083 2380 1271 2458 Conspiratio
1283 2389 1374 2438 autem

286 2480 348 2556 ipsa
360 2501 417 2540 non
429 2483 520 2540 obstat
533 2484 621 2541 valeri
634 2483 818 2550 matrimonii,
833 2482 887 2540 nisi
903 2500 978 2538 mors
985 2499 1093 2556 reapse
1107 2481 1172 2538 inde
1185 2489 1334 2551 sequatur.

326 2585 392 2638 160.
421 2581 617 2641 Adulterium
651 2581 805 2640 admissum
832 2581 925 2638 obstat
950 2598 986 2638 ne
1019 2581 1141 2657 conjuge
1166 2588 1283 2637 mortuo
1310 2594 1373 2635 cunr

281 2677 407 2737 adultero
433 2683 538 2756 nuptia
562 2683 700 2748 ineantur,
723 2681 748 2736 si
770 2689 833 2738 ante
852 2679 899 2737 vel
919 2689 986 2755 post
1013 2678 1170 2736 admissum
1199 2676 1368 2736 adulterium

281 2778 435 2851 promissio
449 2778 521 2835 facta
534 2780 580 2847 sit,
595 2789 623 2836 ct
636 2786 788 2853 acceptata,
803 2779 917 2854 nuptias
929 2785 995 2854 post
1014 2778 1144 2855 conjugis
1165 2785 1288 2834 mortem
1303 2777 1371 2833 inter

279 2888 310 2926 se
325 2871 459 2938 ineundi;
481 2889 567 2942 quum
584 2871 641 2928 “in
655 2872 811 2929 canonibus
832 2873 977 2942 habeatur,
992 2882 1023 2930 ut
1035 2877 1130 2931 nullus
1144 2874 1257 2948 copulet
1278 2873 1369 2930 matri·

280 2970 388 3034 monio,
403 2987 487 3042 quam
508 2971 587 3047 prius
608 2971 747 3047 polluerat
768 2971 913 3039 adulterio,
928 2983 956 3029 et
974 2972 1052 3031 illarn
1073 2973 1198 3030 maxime
1218 2971 1266 3028 cui
1281 2971 1366 3028 fidem

279 3067 394 3128 dederat
403 3088 492 3128 uxore
501 3090 552 3129 sua
561 3074 690 3138 vivente;
705 3072 750 3129 vel
759 3090 821 3143 quae
831 3070 990 3129 machinata
999 3073 1079 3128 estin
1090 3080 1208 3129 mortem
1217 3060 1368 3128 uxoris.'’⁴

279 3168 348 3228 Sola
368 3180 461 3228 autern
482 3172 644 3246 promissio,
659 3170 701 3228 vel
723 3171 807 3228 etiam
828 3179 986 3228 contractus
1008 3170 1181 3228 matrimonii
1201 3178 1362 3230 attentatus,

282 3287 338 3327 non
353 3272 446 3328 obstat
459 3272 640 3329 matrimonio
654 3277 853 3346 postmortem
866 3270 998 3346 conjugis
1013 3269 1215 3334 contrahendo,
1226 3269 1251 3326 si
1265 3267 1367 3345 copula

279 3387 336 3426 non
350 3370 540 3428 intercesserit
553 3373 677 3448 conjuge
688 3363 826 3427 vivente.⁵
866 3369 917 3427 Nil
931 3370 1023 3426 obstat
1037 3370 1106 3441 quin
1120 3367 1236 3426 adulteri
1250 3369 1324 3425 inter
1337 3383 1365 3422 se

281 3469 457 3535 contrahant,
472 3479 536 3546 post
553 3481 672 3528 mortem
694 3468 835 3546 conjugis,
851 3471 875 3527 si
889 3468 966 3527 nulla
979 3467 1042 3525 data
1055 3469 1092 3525 sit
1104 3467 1175 3525 fides
1197 3465 1365 3524 matrimonii

275 3564 369 3631 futuri,
385 3568 517 3639 nullaque
533 3571 629 3627 mortis
644 3568 834 3626 machinatio:
856 3587 909 3626 nec
924 3569 1015 3625 obstat
1034 3566 1202 3624 adulterium
1217 3584 1282 3624 cunr
1297 3583 1360 3641 pro·

274 3659 411 3716 missione
431 3665 569 3736 conjugii,
591 3667 647 3722 nisi
666 3674 783 3736 uterque
804 3664 931 3723 adulterii
951 3685 1016 3722 reus
1037 3666 1081 3732 sit,
1097 3667 1230 3723 conscius
1251 3665 1361 3722 scilicet

275 3755 399 3830 conjugii
420 3756 534 3823 vinculi,
550 3777 608 3828 quo
628 3761 758 3817 alteruter
776 3762 887 3836 ligatur.
931 3765 1090 3822 Promissio
1111 3764 1185 3828 ficta,
1200 3765 1245 3839 vel
1266 3763 1360 3822 condi-

276 3853 389 3921 tionata,
405 3873 461 3913 non
482 3854 592 3914 videtur
611 3857 751 3924 sufficere,
766 3856 817 3915 sed
837 3877 890 3918 nec
912 3871 1008 3920 mutua
1028 3864 1183 3940 promissio
1203 3863 1361 3934 requiritur.

275 3952 320 4013 De
335 3956 513 4016 matrimonio
528 3965 660 4016 attentato
669 3955 696 4014 id
710 3956 872 4024 tenendum,
885 3959 955 4017 illud
966 3962 1163 4037 promissionis
1176 3963 1235 4020 vinr
1250 3961 1361 4026 habere,

277 4064 305 4111 et
330 4057 439 4116 obstare
466 4058 645 4117 matrimonio
671 4065 734 4134 post
760 4058 892 4136 conjugis
919 4071 1049 4128 mortam,
1069 4059 1224 4118 dummodo
1245 4069 1362 4132 uterque

376 4216 418 4280 (l)
439 4215 499 4278 Cap.
512 4214 677 4276 Laudabilem,
687 4214 717 4265 de
728 4218 880 4268 conversione
892 4216 1042 4285 infidelium.

383 4299 426 4364 (2)
446 4298 546 4348 ibidem.
804 4303 846 4366 (3)
866 4303 892 4349 S.
902 4303 977 4367 Alph.
989 4302 1004 4349 l.
1016 4302 1048 4350 vi.
1058 4317 1085 4350 n.
1096 4301 1168 4350 1034.

377 4381 419 4447 (t)
440 4381 500 4446 Cap.
512 4383 666 4448 Propositum
677 4391 714 4434 est
724 4386 802 4446 nobis,
813 4401 839 4435 eo
848 4385 877 4436 de
889 4387 935 4454 qui
945 4386 1021 4438 duait
1032 4386 1061 4436 in
1072 4384 1281 4438 matrimonium.

375 4466 417 4530 (5)
437 4465 498 4532 Cup.
510 4467 538 4518 si
549 4469 604 4532 quis
615 4485 691 4520 uxore
703 4470 806 4532 vivente,
814 4469 864 4522 eod.
875 4472 916 4522 rit.
