3144 5192
266 515 325 570 2³0
521 507 579 568 DE
601 506 785 567 MUNERE
807 505 1098 565 CONFESSARII.

265 675 369 739 damno
390 675 475 736 etiam
495 673 612 742 dubitet,
634 671 852 752 procerandum
873 671 983 731 ridetur
1003 670 1161 748 periculum
1175 673 1285 748 peccati
1300 671 1357 730 for-

265 773 358 832 malis.

304 867 375 930 2'25.
397 871 501 932 Utrum
515 871 635 931 idoneus
648 869 795 930 habendus
817 871 854 927 sit
868 871 959 928 venie
974 887 1059 941 quem
1074 867 1152 926 nulla
1166 868 1277 926 mordet
1289 886 1360 927 con·

265 972 384 1030 scientia
397 973 517 1048 peceati,
531 971 660 1043 quamvis
675 969 877 1028 verosimiliter
890 966 966 1026 haud
979 969 1225 1045 obtemperaturus
1238 969 1277 1024 sit
1290 985 1359 1025 oon-

265 1071 386 1130 sessario
400 1071 528 1130 monenti
548 1079 579 1126 ut
592 1067 828 1128 consuetudinem
849 1067 982 1134 declinet,
1005 1066 1050 1125 vel
1071 1084 1175 1124 munus
1189 1075 1357 1138 exequatur,

266 1169 386 1229 dubitari
399 1176 500 1244 potest.
543 1167 592 1225 Sic
607 1168 656 1239 qui
670 1183 767 1226 amore
788 1166 868 1224 licito
889 1163 1002 1225 mulieri
1021 1183 1107 1238 quam
1121 1174 1201 1241 putat
1213 1183 1293 1222 suam
1308 1163 1359 1221 ad·

266 1268 373 1325 heret'
367 1285 396 1323 in
409 1284 544 1342 magnum
567 1264 686 1323 affectus
709 1275 738 1323 et
756 1266 894 1324 consortii
914 1263 1004 1322 illiciti
1025 1263 1179 1322 discrimen
1199 1263 1358 1331 adducitur,

266 1363 472 1439 impedimento
494 1363 616 1432 detecto,
640 1364 717 1438 quod
738 1365 898 1424 nullatenus
913 1364 1122 1439 suspicabatur.
1164 1362 1292 1420 Fuerunt
1304 1381 1358 1434 qur

266 1463 391 1520 dicerent
404 1481 470 1522 eum
483 1465 646 1522 necessario
657 1463 754 1522 dolore
768 1472 796 1522 et
810 1463 897 1522 animi
907 1463 1056 1540 proposito
1069 1479 1177 1529 carere,
1190 1479 1275 1534 quem
1289 1479 1360 1518 con·

265 1561 401 1620 fossarius
416 1563 616 1622 verosimiliter
629 1564 750 1622 estimat
759 1563 875 1622 monitis
885 1563 1067 1620 restiturum:
1083 1560 1133 1620 sed
1144 1560 1298 1618 humanius
1314 1571 1362 1617 est

266 1661 410 1752 etaeqpins
421 1661 604 1736 poenitentem
611 1660 742 1737 judicare
752 1680 790 1720 cx
800 1661 932 1738 praesenti
942 1662 1031 1720 animi
1022 1661 1173 1728 'oonsilio,
1183 1668 1361 1736 quapropter

266 1761 292 1816 si
304 1747 419 1836 respuat
432 1759 570 1832 quioquid
583 1762 695 1818 noverit
707 1760 811 1819 divinae
823 1762 881 1838 legi
891 1759 1045 1828 adversari,
1059 1760 1143 1818 venia
1153 1778 1179 1817 er
1172 1756 1362 1834 deneganda

266 1863 389 1926 nonest,
404 1859 567 1935 conjectura
581 1869 687 1916 temere
701 1868 823 1936 sumpta
859 1867 878 1896 66
889 1858 1090 1918 confessarius
1104 1877 1163 1917 uon
1176 1857 1260 1915 debet
1271 1865 1362 1914 atten-

267 1956 333 2015 dere
346 1957 383 2014 ad
397 1957 644 2034 indispositionem
659 1959 898 2033 interpretativum
913 1977 998 2030 quam
1013 1957 1152 2035 poenitens
1166 1956 1290 2023 haberet,
1304 1954 1359 2012 sed

267 2055 301 2112 ad
316 2057 454 2114 actualem
468 2075 553 2128 quam
567 2073 640 2114 nunc
653 2055 747 2114 habet.
789 2057 829 2114 Et
847 2055 924 2124 ideo,
946 2058 1020 2115 sicut
1038 2075 1095 2116 uon
1116 2055 1182 2115 licet
1194 2056 1359 2133 proximum

266 2170 411 2227 exponere
425 2153 460 2210 ad
474 2156 652 2213 occasionem
668 2156 697 2212 in
705 2173 767 2227 qua
780 2157 892 2231 positus
911 2156 960 2214 ille
974 2156 1180 2222 succumberet,
1195 2156 1233 2212 ita
1246 2154 1360 2212 confes·

267 2251 369 2319 sarius,
384 2271 447 2311 oum
463 2253 600 2328 praevidet
612 2272 649 2312 cx
664 2255 819 2312 monitione
833 2256 944 2313 ruinam
957 2255 1132 2332 poenitentis,
1154 2263 1263 2313 tenetur
1276 2253 1310 2309 ab
1322 2271 1359 2309 ea

245 2351 419 2420 abstinere,
431 2362 492 2412 esto
513 2355 654 2430 poenitens
680 2353 882 2426 relinquendus
908 2355 945 2411 sit
963 2355 992 2412 in
1020 2363 1138 2430 peccato
1159 2352 1307 2419 materiali,
1321 2370 1357 2408 eo

268 2451 346 2522 quod
370 2471 458 2512 ιιιιιιιιι
479 2462 626 2529 peccatum
653 2453 771 2512 formale
791 2455 925 2512 omnibus
945 2452 1142 2530 preponderat
1167 2451 1358 2510 materialibus

268 2546 440 2624 peccatis.'’l

464 2783 489 2855 §.
512 2782 565 2838 IV.
608 2782 656 2840 De
678 2799 882 2887 raoannruruu
902 2802 1073 2845 orrrnoumu
1092 2807 1155 2846 usu

307 2957 377 3012 226.
401 2953 480 3012 Ex⁰
463 2974 497 3012 ns
512 2974 574 3028 quae
589 2955 624 3013 de
638 2956 826 3034 probabilium
847 2951 1015 3033 opinionum
1031 2977 1083 3017 usu
1108 2957 1252 3016 moderato
1275 2957 1358 3014 tradi-

268 3055 373 3123 dimus,
399 3054 489 3128 liquet
507 3054 710 3116 confessarium
733 3073 818 3132 posse
833 3057 979 3132 poenitenti
999 3059 1203 3116 sententiarum
1217 3055 1357 3114 delectum

268 3157 442 3232 permittere,
469 3154 623 3214 dummodo
644 3157 738 3231 gravis
758 3155 792 3212 iis
818 3155 912 3213 faveat
936 3155 1084 3214 doctorum
1103 3156 1281 3214 auctoritas:
1304 3173 1357 3212 nec

268 3255 346 3312 enim
360 3255 389 3310 in
403 3255 535 3312 tribunali
556 3253 722 3312 dirimendas
737 3261 804 3310 eunt
824 3253 1019 3330 theologorum
1039 3255 1115 3322 lites,
1137 3255 1188 3313 sed
1209 3254 1358 3312 consulen-

268 3353 335 3410 dum
351 3362 392 3408 est
406 3353 602 3428 poenitentium
617 3354 739 3421 saluti,
732 3353 767 3410 ris
782 3352 913 3412 adhibitis
927 3355 1075 3412 sententiis
1096 3373 1159 3427 quac
1173 3355 1413 3437 paenitentem

269 3452 361 3527 magis
376 3471 391 3507 a
404 3463 523 3527 peccato
546 3463 575 3511 et
594 3452 692 3509 salutis
715 3451 881 3510 discrimine
895 3452 1048 3512 retrahunt.
1091 3453 1268 3512 “Sententia
1281 3469 1358 3510 corn-

268 3568 362 3606 munis
376 3559 404 3606 et
417 3550 596 3621 sequenda
612 3551 728 3608 testes.
743 3549 944 3625 Alphonsus,‘
949 3551 1078 3610 datnon
1090 3552 1183 3610 solum
1195 3569 1291 3628 posse
1305 3549 1357 3606 sed

267 3647 353 3703 ctiam
369 3649 457 3703 teneri
471 3651 526 3706 sub
540 3667 619 3724 gravi
612 3649 839 3706 'confessarium
854 3649 1000 3709 absolvere
1013 3651 1208 3728 poenitentem,
1229 3651 1278 3722 qui
1299 3648 1359 3706 vult

268 3745 349 3816 sequi
363 3745 529 3819 opinionem
545 3747 730 3821 probabilem,
744 3747 812 3805 licet
825 3749 956 3823 opposita
969 3750 1095 3808 videatur
1107 3749 1278 3827 probabilior
1291 3766 1359 3806 con·

269 3845 440 3902 fossario..
400 3843 419 3870 ”
448 3853 450 3858 '
457 3845 620 3902 .“Ratio
634 3853 727 3904 autem
748 3844 829 3903 valde
844 3865 948 3923 urgens
963 3849 1048 3926 hujus
1060 3851 1208 3908 sententie
1222 3858 1274 3916 est,
1290 3848 1358 3920 quia

268 3945 419 4020 poenitens‚
433 3944 505 4004 facta
518 3945 713 4013 confessione,
731 3963 797 4004 cum
817 3947 856 4004 sit
877 3946 1042 4023 dispositus,
1064 3949 1149 4007 habet
1169 3950 1296 4006 strictum
1307 3947 1357 4024 J'ns

269 4043 303 4101 ad
318 4045 533 4112 absolutionem,
547 4063 632 4118 quam
648 4043 815 4122 denegando
829 4047 1019 4105 confessarius
1033 4066 1148 4125 gravem
1168 4049 1232 4108 illi
1225 4047 1357 4124 injuriam

269 4145 414 4218 irrogaret,
429 4154 488 4203 turn
509 4146 575 4216 quia
588 4145 712 4220 privaret
731 4165 796 4204 eum
819 4147 908 4224 gratia
927 4146 1109 4214 sacramenti,
1133 4158 1192 4205 tum
1207 4147 1276 4220 quia
1288 4144 1358 4202 obli·

269 4252 347 4315 garet
360 4242 395 4299 ad
409 4263 543 4320 magnum
557 4263 630 4304 onus
644 4245 835 4313 subeundum,
850 4264 954 4323 nempe
968 4245 1002 4302 ad
1016 4244 1169 4323 repetenda
1182 4244 1257 4323 apud
1270 4243 1359 4301 alium

641 4451 683 4514 (1)
703 4448 988 4514 melphitanam.

1548 453 1558 1004 1

1549 1241 1558 1959 „
