3124 5168
245 578 284 633 bd
485 570 542 630 DE
564 571 760 631 MATERIA
780 569 1099 631 EUGHARISTIAE.

249 748 295 798 cat
316 739 365 812 qui
385 739 532 797 materiam
552 738 666 798 dubiam
689 739 812 807 adhibet,
836 757 871 796 v:
887 757 922 815 g:
945 740 1099 816 siliginem,
1121 758 1172 798 seu
1194 739 1298 817 segale,
1313 747 1340 795 et

249 839 386 916 speltam:
403 854 468 901 narn
483 848 588 897 temere
603 840 722 914 exponit
734 859 765 897 se
780 837 937 896 discrimini
952 840 1035 896 verba
1049 840 1152 897 frustra
1165 837 1337 915 proferendi.

291 943 320 995 2.
342 937 429 996 Panis
450 938 553 997 confici
576 937 659 995 debet
681 957 718 999 ex
738 937 828 995 farina
841 938 949 996 triticea
970 957 1043 1011 aqua
1063 939 1183 997 naturali
1205 937 1293 996 diluta
1313 944 1342 993 et

252 1039 318 1114 igne
332 1046 429 1105 cocta;
451 1039 493 1096 sic
506 1038 582 1096 enim
603 1037 685 1113 panis
699 1037 806 1095 usualis
821 1036 979 1095 conficitur.
1022 1036 1106 1105 Quod
1120 1037 1222 1109 siquis
1237 1055 1338 1110 aquam

251 1155 409 1204 rosaceam,
430 1137 475 1195 vel
498 1135 582 1194 aliam
596 1145 653 1193 arte
676 1136 777 1194 saetam
799 1135 940 1205 adhibeat,
961 1156 1020 1196 non
1034 1136 1144 1194 videtur
1163 1136 1266 1204 valere,
1282 1136 1338 1192 nisi

254 1255 333 1308 aquae
353 1235 472 1293 naturali
492 1237 582 1311 copiae
596 1235 681 1312 longe
695 1236 796 1313 majori
809 1235 938 1294 immixta
952 1237 997 1294 sit.
1019 1238 1104 1308 Aqua
1117 1236 1203 1293 maris
1217 1243 1261 1292 est
1274 1253 1341 1291 vera

253 1344 281 1392 et
301 1334 434 1392 naturalis
456 1354 539 1407 aqua,
563 1334 684 1406 ideoque
705 1335 845 1411 panisar
868 1355 902 1392 ea
922 1336 1017 1393 farinae
1040 1336 1170 1393 immixta
1183 1335 1339 1399 consectus,

253 1451 320 1490 vera
333 1444 377 1491 est
390 1435 506 1491 materia
526 1433 728 1492 Eucharistiae.
770 1433 803 1491 Si
825 1434 879 1502 lac,
903 1437 1012 1502 vinum,
1034 1435 1079 1492 vel
1099 1435 1170 1492 alius
1190 1433 1285 1506 liquor
1306 1431 1340 1489 ab

253 1550 327 1605 aqua
339 1531 469 1591 diversus
483 1534 674 1591 immisceatur
687 1534 794 1601 farinae,
816 1552 888 1605 aqua
906 1534 1025 1593 naturali
1038 1533 1154 1601 omissa,
1169 1552 1227 1590 non
1239 1531 1272 1588 fit
1283 1549 1341 1588 ma-

254 1633 324 1690 teria
337 1631 449 1691 idonea.
492 1632 611 1699 Quoties
624 1633 719 1704 liquor
732 1633 802 1689 alius
817 1652 898 1705 aquae
913 1634 1102 1700 immiscetur,
1117 1632 1140 1688 si
1155 1632 1241 1710 hujus
1254 1631 1339 1706 longe

254 1732 347 1809 major
360 1733 443 1808 copia
462 1731 508 1799 sit,
532 1733 648 1788 materia
661 1731 806 1788 sufficiens
828 1734 891 1800 erit,
914 1733 1045 1805 quamvis
1058 1751 1116 1790 non
1129 1733 1220 1807 possit
1233 1732 1339 1802 absque

254 1840 373 1907 peccato
387 1829 524 1890 adhiberi.
567 1830 720 1906 Butyrum,
734 1850 798 1898 ova,
812 1832 879 1900 mel,
894 1831 1071 1898 saccharum,
1086 1850 1143 1888 non
1158 1831 1261 1888 debent
1273 1828 1343 1886 ulla-

255 1943 338 1989 tenus
352 1931 442 1988 tritico
463 1930 633 1997 immisceri;
655 1928 706 1986 sed
728 1931 753 1987 si
774 1949 859 2006 parva
882 1931 938 1988 sint
960 1930 1124 2002 quantitate,
1149 1949 1207 1987 non
1229 1929 1342 1986 obstant

255 2031 324 2101 quin
338 2030 420 2104 panis
434 2029 542 2088 usualis
563 2029 708 2094 habeatur,
722 2029 833 2100 quoties
854 2047 891 2086 ex
914 2029 1005 2086 tritico
1018 2038 1046 2085 et
1058 2047 1131 2100 aqua
1144 2029 1287 2104 praecipue
1299 2025 1340 2083 fit.

255 2129 355 2186 Massa
367 2128 464 2196 cruda,
479 2146 528 2185 seu
543 2137 633 2204 pasta,
657 2146 714 2185 non
728 2139 772 2185 ast
785 2127 897 2196 idonea,
913 2129 978 2200 quia
992 2146 1048 2185 non
1069 2136 1112 2185 est
1125 2129 1208 2203 panis
1222 2125 1341 2184 usualis.

254 2227 326 2303 Igne
348 2237 445 2286 coctus
466 2228 504 2284 sit
524 2228 615 2302 panis,
637 2245 757 2285 necesse
776 2237 829 2294 est,
854 2247 917 2301 qma
937 2228 1014 2285 enim
1028 2226 1102 2285 frixa
1115 2227 1161 2284 vel
1174 2227 1251 2285 elixa
1264 2235 1341 2290 sunt,

255 2326 338 2404 panis
352 2327 468 2384 nomine
481 2345 540 2385 non
554 2326 682 2386 veniunt.
725 2327 835 2384 Hostia
849 2328 938 2385 rubrae
953 2327 1050 2400 quales
1060 2327 1171 2395 litteris,
1182 2325 1341 2402 sigillorum

255 2428 353 2493 instar,
368 2435 558 2503 apponuntur,
572 2426 688 2484 materia
708 2425 792 2484 dubia
812 2437 888 2495 sunt,
903 2427 939 2484 ob
953 2426 1112 2484 cinnabaris
1126 2425 1342 2490 admixtionem,

255 2545 326 2599 quas
347 2525 453 2584 idcirco
467 2525 612 2593 adhibere,
634 2527 717 2584 etiarn
732 2526 908 2583 necessitatis
930 2533 1078 2601 praetextu,
1095 2543 1179 2601 grave
1194 2524 1267 2582 soret
1279 2541 1344 2598 pec·

255 2635 358 2682 catum.
402 2625 491 2682 Panis
512 2623 652 2690 mucidus,
676 2625 758 2698 cujus
779 2642 865 2698 sapor
884 2624 1061 2694 aliquatenus
1082 2631 1214 2691 mutatur,
1229 2639 1343 2696 corrup-

255 2724 330 2780 tione
340 2724 401 2798 jam
416 2723 538 2797 incepta,
554 2740 611 2779 non
626 2731 671 2778 est
682 2720 785 2779 idonea
798 2721 924 2778 materia.
1044 2722 1046 2726 ’

295 2825 324 2877 3.
346 2821 395 2878 Ex
409 2839 462 2877 usu
476 2820 616 2878 Ecclesiae
628 2821 709 2896 panis
728 2819 937 2878 consecrandus
956 2818 1031 2896 apud
1044 2819 1162 2878 Latinos
1182 2819 1265 2877 debet
1280 2836 1343 2875 esse

255 2919 344 2996 figura
370 2920 518 2978 orbiculari
540 2931 568 2977 et
589 2921 706 2997 integra.
749 2918 910 2977 Consuevit
929 2919 1020 2976 hostia
1042 2921 1133 2998 major
1153 2921 1183 2978 in
1201 2918 1342 2977 sacrificio

255 3018 398 3078 adhiberi:
430 3021 482 3078 sed
508 3021 538 3078 in
564 3021 732 3079 necessitate
757 3020 915 3096 culpandus
936 3037 994 3078 non
1015 3018 1134 3088 videtur,
1162 3021 1211 3093 qui
1237 3017 1340 3077 minori

254 3131 386 3188 uteretur,
401 3121 549 3180 nonenim
565 3129 675 3180 constat
687 3119 921 3179 consuetudinem
936 3118 1011 3177 hanc
1025 3119 1096 3178 adeo
1110 3128 1184 3177 arcte
1195 3119 1339 3196 obligare:

255 3221 314 3279 imo
331 3223 416 3298 juxta
438 3221 624 3298 Roncagliam
644 3228 782 3298 peccaret,
806 3221 841 3287 si,
864 3220 1032 3286 necessitate
1052 3218 1138 3277 dandi
1151 3219 1283 3278 viaticum
1297 3235 1342 3274 ur·

254 3329 349 3394 gente,
376 3320 532 3403 negligeret
558 3339 621 3378 eam
647 3319 791 3378 adhibere.
835 3317 1013 3378 Consecrare
1038 3318 1162 3378 hostiam
1187 3317 1342 3377 enormiter

255 3418 383 3487 fractam,
404 3420 448 3476 vel
470 3421 649 3488 maculatam,
670 3439 754 3497 grave
774 3427 818 3476 est
835 3402 999 3494 peccatum:
1022 3437 1104 3476 secus
1125 3419 1151 3476 si
1163 3418 1283 3484 macula,
1298 3415 1343 3474 vel

255 3517 375 3577 fractura
388 3519 479 3577 levior
491 3515 554 3576 sit.l

294 3621 323 3673 4.
346 3618 443 3684 Panis,
464 3636 514 3674 seu
537 3615 669 3692 azymus,
690 3635 741 3674 seu
759 3616 953 3683 fermentatus,
976 3633 1059 3672 verus
1083 3615 1165 3691 panis
1179 3622 1231 3681 est,
1255 3622 1283 3671 et
1296 3613 1343 3671 ad·

237 3714 345 3794 'hiberi
364 3723 468 3788 potest,
490 3733 541 3789 pro
564 3715 639 3772 vario
660 3715 855 3772 Ecclesiamm
879 3714 944 3781 ritu,
966 3733 982 3770 a
1004 3732 1062 3786 quo
1085 3731 1143 3771 non
1166 3713 1243 3781 licet,
1258 3714 1343 3772 etiarn

256 3814 432 3871 necessitatis
447 3822 597 3889 praetextu,
612 3813 776 3871 discedere:
800 3823 973 3889 quapropter
986 3812 1081 3871 Latini
1095 3831 1200 3889 azymo
1219 3820 1343 3879 utuntur,

257 3914 352 3971 Graeci
365 3912 547 3971 sermentato:
564 3911 650 3985 quod,
664 3914 716 3971 sub
730 3931 813 3990 poena
827 3913 1024 3987 suspensionis
1038 3923 1182 3990 perpetuae
1197 3933 1213 3970 a
1227 3912 1342 3978 divinis,

256 4014 427 4073 servandum
436 4013 522 4091 jussit
535 4008 707 4070 Benedictus
721 4003 822 4071 XIV.2
862 4010 940 4071 Hinc
954 4011 1099 4081 sacerdos,
1121 4013 1180 4086 qui,
1195 4012 1342 4072 deficiente

256 4134 373 4192 azymo,
400 4114 577 4172 consecravit
597 4113 626 4172 in
660 4111 837 4180 fermentato,
869 4111 975 4188 privari
997 4113 1098 4189 jussus
1119 4122 1163 4172 est
1189 4111 1284 4177 officio
1316 4121 1345 4167 et

255 4205 423 4277 beneficio.3
465 4214 591 4281 “Quare
619 4213 648 4270 in
668 4212 724 4272 hoc
743 4213 821 4272 nulla
841 4211 988 4288 dispensat
1007 4213 1171 4280 necessitas,
1195 4228 1230 4268 ne
1250 4208 1344 4266 viatici

291 4435 333 4501 (l)
353 4432 378 4480 S.
392 4432 466 4498 Alph.
478 4435 494 4484 l.
505 4435 537 4484 vi.
548 4451 573 4484 n.
585 4435 642 4485 204.
780 4435 821 4501 (2)
842 4433 947 4483 constit,
958 4435 1019 4487 Etsi
1031 4431 1176 4492 Pastorum,
1187 4446 1227 4482 an.
1240 4431 1313 4480 1742.

630 4521 672 4592 (3)
692 4519 754 4588 Gap.
766 4521 809 4570 ult.
821 4519 850 4571 dc
861 4518 972 4576 celebrat,
