3124 5168
257 569 296 624 ³0
540 563 597 626 DE
618 563 828 626 MINISTRO
848 564 1063 630 BAPTISMI.

695 1145 837 1206 CAPUT
858 1145 911 1206 tv.

616 1381 656 1422 DE
676 1381 821 1424 tstntsntto
840 1381 989 1424 Bffl‘lfllss.

296 1563 343 1618 14.
377 1560 525 1639 Apostolis
551 1561 692 1637 imprimis
725 1553 926 1623 demandatum
957 1570 1003 1620 est
1034 1578 1137 1620 munus
1162 1556 1344 1636 baptizandis

255 1659 396 1720 “Euntes
410 1660 509 1720 docete
529 1678 630 1720 omnes
653 1670 763 1739 gentes,
783 1663 962 1739 baptizantes
983 1680 1033 1721 eos
1045 1655 1094 1719 :⁹²¹
1114 1658 1191 1734 quod
1204 1659 1344 1736 episcopi,

253 1776 354 1820 eorum
379 1778 574 1829 successores,
601 1763 717 1839 proprio
742 1762 832 1820 veluti
847 1764 924 1840 jure,
951 1769 1102 1829 exercent;
1122 1759 1284 1838 presbyteri
1309 1775 1347 1816 ex

254 1868 393 1936 potestate
407 1859 463 1921 sibi
483 1860 517 1917 ab
536 1861 682 1938 episeopis
702 1862 921 1931 communicata,
942 1880 1004 1935 quae
1019 1869 1113 1918 tamen
1126 1858 1260 1936 parochis
1274 1877 1346 1936 prae·

253 1960 352 2018 sertim
366 1961 505 2028 tribuitur,
517 1961 625 2019 ceteris
637 1962 752 2020 nonnisi
763 1980 800 2019 ex
810 1961 928 2039 speciali
942 1951 1052 2018 venia.²
1092 1957 1237 2017 Oaeterum
1246 1959 1276 2016 in
1291 1957 1346 2016 hac

253 2059 371 2136 regione
384 2077 485 2118 omncs
499 2059 659 2119 sacerdotes
670 2061 718 2133 qui
732 2060 877 2119 facultates
897 2079 976 2119 sacra
988 2057 1140 2118 exercendi
1153 2057 1252 2116 munia
1265 2077 1346 2116 acce·

252 2166 365 2234 perunt,
375 2157 519 2235 baptizare
532 2158 636 2227 solent,
646 2170 756 2218 servato
769 2169 865 2219 tannen
877 2159 986 2228 ordine,
995 2177 1031 2217 nc
1045 2159 1109 2232 quis
1120 2157 1343 2235 inalienamsege

251 2266 310 2316 tem
320 2274 402 2316 suam
412 2258 504 2316 mittat
513 2256 626 2317 falcem.
650 2266 670 2294 ‘⁶
681 2259 841 2338 Peregrini,
851 2260 897 2318 vel
907 2260 956 2335 qui
966 2258 1145 2318 domicilium
1154 2276 1213 2317 non
1226 2256 1341 2325 habent,

251 2365 375 2434 possunt
385 2357 525 2435 baptizari
533 2358 562 2416 in
575 2359 697 2417 ecclesia
709 2379 795 2434 quam
807 2359 955 2438 elegerint,
964 2377 1001 2417 ex
1010 2357 1085 2436 Gap.
1109 2353 1174 2417 Nec
1187 2373 1342 2424 numerus,

252 2475 301 2531 qu.
316 2461 345 2517 3.
361 2499 369 2516 .
385 2499 393 2516 .
410 2499 418 2516 .
441 2458 467 2516 si
486 2466 580 2518 autem
603 2459 706 2518 mulier
725 2479 794 2520 casu
808 2461 899 2537 pariat
911 2462 941 2520 in
954 2477 1029 2537 pago
1042 2477 1100 2518 non
1114 2477 1178 2526 suo,
1199 2456 1295 2534 proles
1308 2456 1344 2514 ab

250 2557 329 2618 illius
342 2558 410 2634 pagi
421 2557 549 2635 parocho
563 2567 607 2615 est
621 2559 809 2635 baptizanda:
831 2569 1026 2624 veruntamen,
1042 2559 1066 2615 si
1080 2556 1129 2614 ille
1139 2575 1230 2633 pagus
1241 2574 1342 2634 parum

250 2653 337 2715 distet
349 2673 365 2712 a
378 2673 454 2731 pago
476 2656 603 2730 proprio,
625 2674 660 2713 v:
675 2675 717 2732 gr.
739 2656 859 2724 duabus,
881 2665 928 2713 aut
951 2654 1041 2712 tribus
1061 2654 1152 2722 horis,
1166 2655 1343 2732 potestbap·

250 2753 332 2810 tizari
351 2751 446 2828 proles
469 2753 554 2809 etiam
574 2753 604 2812 in
624 2754 747 2812 ecclesia
772 2745 873 2812 sua.’'³
911 2753 1050 2822 Advcnae,
1067 2754 1152 2830 juxta
1171 2755 1343 2811 sententiam

250 2850 476 2910 communiorem
502 2859 531 2907 et
555 2851 787 2928 probabiliorem,
819 2853 993 2931 baptismum
1026 2860 1055 2911 et
1086 2853 1141 2911 alia
1166 2861 1343 2910 sacramenta

249 2951 375 3028 recipere
395 2959 518 3028 possunt
530 2971 547 3008 a
559 2951 684 3028 parocho
704 2953 762 3014 loci
781 2956 812 3013 in
832 2972 888 3026 quo
908 2954 989 3028 quasi
1012 2951 1190 3012 domicilium
1210 2963 1342 3011 contrax-

249 3052 333 3121 erint,
347 3050 552 3110 commorando
572 3071 624 3130 per
642 3053 781 3131 majorem
802 3054 870 3112 anni
890 3065 1010 3131 partem,
1030 3052 1077 3112 vel
1098 3071 1133 3112 co
1156 3051 1340 3111 advenientes

249 3153 346 3212 animo
360 3151 558 3212 commorandi
572 3153 665 3230 perid
679 3155 816 3231 temporis
830 3155 971 3230 spatinmz
986 3173 1022 3212 v:
1038 3172 1074 3230 g:
1097 3154 1123 3211 si
1137 3152 1179 3211 ibi
1193 3161 1341 3211 morentur

249 3271 336 3312 eausa
349 3253 468 3329 negotii,
483 3251 518 3309 ad
531 3250 716 3322 studendum,
741 3254 787 3311 vel
806 3253 842 3311 ad
862 3252 1053 3313 exercendum
1074 3252 1201 3312 officium
1218 3250 1338 3330 judicis,

248 3342 319 3408 etc.⁴
358 3349 511 3428 Baptizare
540 3351 608 3409 licet
633 3353 758 3411 alienum
788 3372 825 3412 ex
856 3353 972 3413 licentia
1005 3361 1180 3432 praesumpta
1210 3350 1338 3431 parochi.

247 3447 371 3509 Diaconi
384 3450 512 3528 indigent
525 3452 664 3530 episcopi,
678 3451 724 3510 vel
737 3435 866 3529 parochi,
887 3454 1003 3513 licentia
1022 3462 1054 3512 ut
1075 3453 1236 3530 baptizent:
1254 3453 1340 3530 juxta

247 3541 360 3607 Gelasii
370 3550 535 3608 decretum:
558 3551 702 3609 “diaconi
725 3553 835 3625 absque
856 3554 1003 3630 episcopo,
1017 3553 1064 3610 vel
1077 3553 1254 3629 presbytero,
1270 3551 1339 3626 bap·

246 3647 334 3704 tizare
354 3665 414 3707 non
435 3646 567 3716 audeant,
589 3650 645 3706 nisi
665 3647 809 3727 predictis
833 3650 980 3710 ordinibus
999 3652 1119 3710 fortasse
1131 3643 1247 3730 longius
1271 3668 1338 3708 con·

246 3745 362 3814 stitutis,
388 3746 545 3805 necessitas
577 3758 706 3807 extrema
731 3747 933 3827 compellat.”⁵
986 3751 1020 3810 Si
1045 3751 1189 3829 parochus
1216 3749 1337 3828 graviter

247 3853 372 3924 aegrotet,
404 3845 452 3904 vel
484 3847 665 3925 excipiendis
698 3849 930 3909 confessionibus
956 3851 994 3908 sit
1024 3851 1139 3928 penitus
1171 3859 1337 3926 occupatus,

246 3945 352 4026 poterit
363 3965 428 4006 eam
441 3944 533 4005 facere
546 3946 667 4007 diacono
680 3947 850 4018 facultatem,
871 3968 929 4008 non
948 3950 1015 4009 licet
1034 3960 1206 4010 autemeam
1221 3948 1288 4008 darc
1303 3947 1338 4007 ad

247 4045 461 4126 gratificandum
475 4045 571 4116 alicui,
585 4048 630 4106 vel
641 4057 674 4107 ut
683 4049 746 4125 ipse
760 4049 818 4108 otio
832 4049 948 4108 fruatur.
992 4049 1050 4117 Qui
1063 4053 1192 4129 suscepit
1204 4049 1336 4128 paroeciae

247 4165 355 4219 curam,
385 4147 510 4209 diaconii
532 4146 632 4207 ordine
656 4157 762 4207 tantum
783 4148 947 4228 insignitus,
973 4159 1069 4228 potest
1089 4151 1196 4226 absque
1217 4147 1338 4227 speciali

350 4376 396 4443 (1)'
412 4376 475 4430 Mat.
485 4377 570 4430 xxviii.
582 4381 623 4430 20.
896 4379 938 4445 (2)
958 4376 1036 4428 Glem.
1049 4379 1121 4430 Unic.
1132 4377 1161 4430 de
1170 4379 1248 4448 Bapt.

350 4461 393 4526 (a)
413 4460 439 4509 a.
452 4461 527 4526 Alph.
540 4464 556 4512 t.
567 4463 599 4512 vt.
610 4480 636 4515 n.
650 4465 705 4513 114.
893 4465 936 4531 (t)
955 4453 1092 4525 niuem
1107 4466 1160 4514 trs.

585 4549 629 4613 (5)
647 4547 694 4612 Ep.
705 4548 739 4598 ix.
750 4547 786 4599 cd
793 4549 866 4617 cpite.
878 4541 1009 4602 taonis.
