3144 5192
236 545 294 604 tvo
419 539 477 602 DE
489 536 825 603 wlttsmttrlotvu
847 535 1137 600 OONFESSARII.

233 707 344 786 judice,
359 705 494 780 quicquid
508 716 590 765 sexto
610 714 753 782 precepto
775 705 939 764 adversatur
958 707 1089 782 graviter,
1104 707 1165 764 sive
1183 706 1221 764 sit
1242 707 1322 766 solus

236 816 336 875 tactus,
350 807 412 865 sive
425 807 602 878 colloquium
617 803 812 881 impudicum;
826 822 892 862 uam
906 805 991 862 verba
1011 807 1221 864 constitutionis
1234 807 1327 883 Apos-

238 907 330 965 tolicae
343 923 428 964 omne
442 913 590 964 externum
605 913 751 980 peccatum
767 923 851 980 grave
862 889 945 980 plane
958 904 1200 980 complectuntur3
1221 914 1250 963 et
1260 905 1326 964 finis

237 1005 310 1084 legis
324 1003 354 1064 id
366 1005 548 1064 manifestum
562 1003 639 1068 facit,
654 1020 742 1075 quum
756 1021 791 1060 eo
812 1002 949 1080 dirigatur
967 1012 998 1060 ut
1016 1005 1111 1062 omnis
1134 1004 1277 1081 turpitudo
1298 1015 1327 1062 et

237 1104 417 1182 impudicitia
436 1125 453 1162 a
472 1113 569 1162 sancto
596 1119 712 1162 munere
739 1103 838 1178 procul
864 1104 909 1162 sit.
953 1100 1095 1164 Oaeterum
1118 1121 1181 1175 quaa
1204 1104 1325 1162 venialia

236 1200 312 1274 sunl,
327 1203 374 1262 vel
394 1221 458 1276 quaa
472 1203 596 1260 exterius
613 1219 672 1260 non
693 1200 823 1260 videntur
835 1203 943 1278 gravia,
958 1204 1089 1274 quamvis
1110 1201 1252 1279 ejusmodi
1271 1204 1328 1262 siut

236 1306 273 1363 ob
285 1321 404 1380 pravum
418 1302 506 1362 animi
520 1301 664 1369 affectum,
676 1301 722 1360 vel
736 1319 799 1374 qum
813 1300 896 1360 dubie
909 1310 975 1360 sunt
988 1301 1127 1370 mortalia,
1137 1321 1194 1386 nou
1209 1321 1326 1361 censen-

237 1411 280 1462 tur
293 1401 508 1477 comprehendi.
550 1400 653 1460 Puella
673 1409 775 1459 tentata
796 1418 858 1473 qum
879 1401 981 1458 restitit
1000 1420 1059 1460 non
1079 1411 1123 1458 est
1140 1402 1284 1478 complex,
1297 1411 1325 1460 et

235 1500 300 1560 ideo
314 1500 422 1560 absolvi
436 1509 540 1577 potest,
555 1501 629 1560 sicut
641 1501 725 1560 etiam
740 1518 803 1573 quae
817 1500 917 1558 leviter
929 1501 1068 1577 peccavit,
1082 1502 1214 1572 quamvis
1227 1501 1323 1559 forsan

231 1599 364 1658 sacerdos
378 1601 539 1677 peccaverit
551 1601 672 1676 graviter
686 1600 723 1658 ob
736 1618 853 1676 pravam
864 1600 1059 1668 intentionem,
1075 1607 1095 1634 “
1109 1600 1175 1672 quia
1184 1600 1269 1659 Bulla
1281 1602 1322 1659 in·

235 1699 390 1778 telligenda
403 1708 447 1757 est
458 1700 494 1758 de
513 1699 650 1775 complici
662 1699 775 1758 formali
795 1699 825 1756 in
845 1707 963 1777 peccato
984 1699 1095 1758 mortali
1113 1695 1236 1776 turpi.'’l
1262 1698 1321 1757 Sed

236 1801 271 1858 ab
284 1799 451 1880 hujusmodi
471 1798 630 1860 ministerio
644 1798 798 1872 quaerendo
811 1812 891 1858 entra
910 1800 1109 1858 necessitatem
1127 1799 1325 1876 gravissimam

235 1899 325 1959 aliena
336 1917 400 1958 esse
414 1900 531 1958 omniuo
546 1899 637 1957 debet.

277 2003 344 2058 146.
366 2000 384 2058 J
387 2000 533 2058 urisdictio
547 2000 576 2057 in
590 1998 762 2074 complicem
776 2016 834 2056 non
854 1997 963 2056 videtur
976 1998 1007 2056 iu
1021 2007 1190 2074 perpetuum
1204 1997 1320 2065 sublata,

234 2097 285 2155 sed
312 2107 419 2156 tantum
439 2098 532 2171 quoad
554 2099 649 2174 ipsum
670 2096 822 2162 delictum:
845 2107 1018 2174 quapropter
1037 2107 1189 2173 postquam
1214 2097 1248 2154 ab
1269 2097 1323 2154 alio

234 2196 381 2256 sacerdote
394 2197 522 2256 absoluta
535 2207 580 2255 est
592 2198 642 2256 illo
656 2206 745 2264 reatu,
760 2197 863 2271 poterit
876 2198 910 2256 ab
924 2196 986 2258 aliis
1006 2215 1069 2268 quae
1084 2197 1221 2273 deinceps
1235 2194 1321 2253 admi-

233 2297 313 2371 serit,
333 2316 349 2354 a
369 2297 516 2356 sacerdote
530 2297 672 2374 complice
699 2296 826 2355 absolvi:
850 2296 901 2354 sed
927 2297 1027 2369 nequit
1048 2296 1083 2354 ab
1109 2297 1172 2355 aliis
1197 2295 1320 2373 peccatis

234 2396 342 2456 absolvi
356 2407 419 2456 ante
430 2397 639 2458 absolutionem
654 2398 688 2456 ab
701 2397 758 2458 alio
771 2397 958 2474 impetratam.

389 2632 414 2706 §.
435 2631 490 2689 IV.
532 2631 725 2698 Qusuuousru
745 2647 936 2687 surrnuarcn
955 2647 1148 2688 scarsnrcrro.

275 2816 342 2872 147.
367 2810 403 2869 St
415 2811 524 2870 titulus
538 2813 579 2871 rit
593 2811 754 2881 coloretur,
769 2819 797 2870 et
810 2829 892 2870 error
906 2813 1085 2880 communia,
1099 2831 1116 2869 v
1128 2831 1134 2869 :
1150 2811 1185 2889 gi
1209 2811 1233 2869 si
1256 2811 1321 2884 quis

234 2911 405 2970 beneficium
419 2912 581 2988 parochiale
596 2913 758 2982 obtinuerit,
780 2921 809 2969 et
821 2910 905 2989 vulgb
926 2923 1075 2972 censeatur
1088 2911 1242 2989 parochus,
1255 2911 1323 2969 licet

232 3012 377 3071 occultum
390 3013 492 3081 obstet,
511 3014 576 3091 jura
599 3013 746 3082 canonico,
768 3013 1016 3089 impedimentum,
1038 3011 1210 3088 disceptatur
1230 3022 1322 3069 utrum

234 3112 271 3170 ob
296 3129 418 3172 errorem
445 3131 628 3172 communem
661 3114 829 3189 suppleatur
850 3112 1021 3190 jurisdictio,
1047 3111 1128 3170 nullo
1151 3105 1321 3186 suffragante

228 3197 308 3270 tituli
321 3212 433 3270 colore:
455 3213 533 3286 quod
554 3199 650 3289 plures
674 3211 824 3280 affirmant,
847 3229 934 3283 quum
957 3212 1029 3269 ratio
1045 3211 1190 3288 praecipua
1209 3209 1245 3268 sit
1265 3209 1322 3266 ani·

234 3327 344 3368 marum
359 3315 421 3382 quai
436 3312 560 3389 decepta
574 3321 640 3370 sunt
652 3313 745 3370 salus:
768 3321 890 3370 attamen
913 3318 1018 3388 negant
1038 3312 1096 3378 alii,
1118 3309 1321 3369 contendentes

235 3427 293 3468 non
307 3428 371 3467 esse
392 3430 506 3470 causam
526 3413 594 3469 satis
615 3431 729 3488 gravem
756 3430 807 3470 cur
822 3410 985 3489 jurisdictio
999 3411 1144 3469 tribuatur.
1188 3409 1322 3469 “Proba-

233 3508 327 3566 biliter
340 3508 436 3568 dicunt
457 3510 614 3589 (nonnulli
627 3510 769 3588 theologi,
785 3509 929 3592 reserante
945 3509 977 3568 S.
993 3508 1166 3590 Alphonao)
1187 3527 1245 3566 non
1259 3524 1322 3564 esse

233 3605 401 3682 obligandos
415 3609 515 3667 fideles
530 3610 565 3668 ad
579 3609 745 3684 repetendas
766 3611 964 3669 consessiones
977 3611 1051 3668 bona
1075 3610 1131 3668 fide
1145 3610 1232 3667 lactas
1246 3603 1322 3683 apud

232 3704 418 3772 sacerdotem,
434 3709 482 3778 qui
496 3727 533 3765 ex
546 3710 691 3766 communi
704 3727 798 3767 errore
812 3709 1002 3769 confessarius
1017 3700 1248 3787 reputabatur.”⁹
1287 3703 1322 3763 Id

232 3811 326 3862 autem
340 3821 399 3862 non
412 3806 523 3864 videtur
535 3806 747 3865 extendendum
768 3808 803 3865 ad
827 3809 1002 3868 sacerdotem
1024 3829 1138 3887 vagum,
1160 3807 1209 3880 qui
1223 3805 1321 3878 aliqui·

231 3905 284 3962 bus
304 3902 435 3963 fidelibus
461 3906 560 3975 illusit,
581 3925 612 3964 sc
639 3908 824 3983 approbatum
838 3906 909 3966 falso
931 3910 1102 3978 asserend03
1124 3906 1319 3965 consessiones

233 4005 310 4063 enirn
323 4006 351 4063 ei
365 4005 444 4064 sactae
458 4006 587 4066 invalidae
602 4007 719 4064 omnino
730 4006 869 4077 videntur,
884 4017 911 4065 et
923 4008 1083 4066 necessario
1098 4002 1242 4066 iterandae.

275 4107 341 4164 148.
363 4106 409 4165 De
435 4127 554 4166 casuum
577 4107 767 4165 reservatione
787 4109 907 4181 loquens
928 4110 1082 4167 concilium
1105 4105 1318 4169 Tridentinum,

230 4203 285 4261 ait:
308 4206 390 4265 “Pie
404 4207 567 4277 admodum,
579 4226 615 4266 ne
628 4207 680 4265 hac
694 4208 756 4284 ipsa
769 4210 921 4267 occasione
936 4209 1038 4282 aliquis
1052 4216 1158 4285 pereat,
1173 4205 1203 4264 in
1217 4201 1319 4262 Eccle-

230 4301 272 4358 sia
294 4302 351 4361 Dei
374 4307 545 4367 custoditum
565 4326 679 4384 semper
702 4309 763 4376 suit,
785 4316 815 4386 ut
834 4308 911 4367 nulla
934 4309 970 4367 sit
989 4308 1144 4367 reservatio
1158 4306 1188 4363 in
1201 4301 1319 4362 articulo

348 4508 389 4572 (1)
409 4507 436 4558 S.
448 4508 522 4572 Alph.
534 4509 550 4558 l.
562 4510 593 4558 vi.
604 4525 631 4560 n.
642 4513 699 4560 554.
766 4563 769 4570 ,
956 4514 998 4578 (2)
1018 4509 1048 4560 L.
1061 4511 1092 4562 vi.
1103 4525 1129 4561 n.
1139 4511 1197 4558 572.
