3108 5162
570 555 627 615 nn
649 555 944 615 sponsaturus
1244 531 1305 615 ass

214 728 330 804 juncta:
346 731 477 782 ceterum
491 722 647 782 cavendum
661 742 697 781 ne
710 723 793 781 sama>
807 721 921 780 alterius
942 721 1076 780 inferatur
1089 722 1203 800 injuria,
1217 718 1304 781 tidem

218 825 310 883 datam
325 835 430 881 temere
443 822 578 899 fallendo,
590 821 711 895 ideoque
725 820 856 879 standum
866 831 910 879 est
920 821 1081 898 promissis,
1090 821 1198 879 cautela
1207 840 1306 880 neces·

217 925 291 982 saria
302 922 426 980 adhibita
439 931 469 979 ut
479 921 567 1000 prolis
580 921 742 980 educationi
755 920 900 979 catholioae
913 920 1103 997 provideatur.

258 1027 286 1081 6.
309 1022 349 1079 Ut
367 1021 472 1079 liceant
490 1022 644 1098 sponsalia,
665 1021 770 1079 debent
788 1021 861 1078 inter
881 1038 931 1077 eos
953 1019 1015 1077 fieri
1029 1021 1102 1078 inter
1115 1039 1186 1093 quos
1200 1020 1306 1097 nuptiae

217 1120 361 1179 conciliari
375 1130 484 1192 queunt
496 1122 602 1193 absque
616 1121 694 1196 gravi
707 1119 877 1178 familiarum
899 1117 1041 1176 discordia
1059 1127 1088 1176 et
1106 1119 1306 1178 incommodo:

217 1221 324 1279 nemini
338 1220 415 1278 enim
429 1220 496 1279 lieet
509 1239 539 1277 se
553 1219 678 1296 obligare
693 1218 726 1276 ad
741 1219 769 1278 id
784 1218 860 1292 quod
874 1219 902 1275 in
916 1218 1103 1295 plurimorum
1118 1229 1216 1294 vergat
1228 1219 1306 1278 darn·

216 1337 295 1377 num.
337 1318 371 1376 In
386 1318 440 1376 hac
454 1319 570 1392 quidem
584 1319 711 1395 regione,
724 1319 774 1376 ubi
786 1317 864 1392 nulla
876 1317 1037 1394 agnoscitur
1047 1318 1179 1394 prosapia
1191 1319 1306 1384 nobilis,

216 1436 318 1476 omnes
339 1429 490 1475 censentur
512 1416 612 1476 eodem
634 1415 740 1494 gradu:
763 1417 894 1490 quamvis
914 1434 1010 1474 revera
1023 1417 1176 1493 plurimum
1191 1418 1264 1475 iuter
1277 1435 1308 1474 se

217 1516 485 1592 distinguantur'vel
498 1535 612 1593 genere,
633 1516 679 1573 vel
699 1516 816 1583 divitiis,
837 1514 883 1572 vel
902 1533 1019 1572 munere
1033 1516 1158 1592 publico.
1200 1515 1309 1575 Oondi·

217 1616 326 1674 tionum
354 1613 514 1673 diversitate
534 1615 664 1691 neglecta
690 1616 858 1691 plerumque
879 1613 974 1672 licebit
999 1615 1143 1691 sponsalia
1168 1615 1307 1692 implere;

217 1733 283 1774 nam
304 1723 453 1791 parentum
475 1723 504 1772 et
523 1714 748 1791 propinquorum
763 1714 937 1790 objectiones
957 1732 993 1771 ex
1007 1715 1072 1772 vitae
1085 1714 1248 1774 conditione
1262 1715 1311 1774 de·

217 1823 336 1890 sumptae
350 1831 408 1872 non
422 1812 525 1872 debent
546 1814 629 1872 facile
649 1814 707 1872 vim
728 1813 853 1872 obtinere
874 1822 971 1871 eontra
987 1813 1036 1888 jus
1050 1823 1156 1872 certum
1171 1833 1208 1872 ex
1222 1831 1309 1892 spon·

215 1913 322 1971 salibus
336 1923 447 1971 ortum:
470 1923 593 1971 attamen
613 1931 827 1985 nonnumquam
850 1910 1035 1970 rescindenda
1048 1921 1138 1970 erunt.
1180 1913 1265 1980 Quod
1279 1915 1304 1972 si

215 2012 367 2070 extorserit
380 2013 443 2085 quis
457 2013 590 2089 copulam
603 2032 620 2069 a
633 2013 728 2088 puella
748 2012 877 2079 honesta,
892 2012 1073 2088 sponsalibus
1093 2030 1158 2069 cum
1172 2031 1205 2069 ea
1218 2013 1306 2081 initis,

215 2119 324 2170 tenetur
338 2130 401 2168 eam
415 2109 529 2179 ducere,
542 2111 610 2168 lieet
623 2111 800 2184 aliquatenus
823 2111 860 2168 sit
878 2111 1006 2180 inferior,
1029 2110 1185 2169 dummodo
1198 2130 1256 2170 non
1270 2113 1308 2170 sit

216 2209 384 2268 humillimae
399 2209 580 2278 conditionis,
602 2230 664 2284 quae
686 2210 800 2268 familie
821 2208 934 2268 afferret
953 2210 1093 2269 dedecus:
1117 2209 1228 2269 “Casu
1251 2230 1307 2284 quo

217 2327 343 2386 sponsus
366 2309 395 2365 vi
415 2309 611 2384 promissionis
631 2309 765 2387 copulam
786 2311 938 2367 extorserit
951 2330 967 2367 a
979 2310 1098 2386 virgine,
1112 2310 1158 2367 vel
1171 2330 1188 2367 a
1200 2311 1308 2369 semina

218 2407 350 2474 honesta,
364 2417 431 2464 tuno
444 2408 562 2466 omnino
572 2417 680 2467 tenetur
693 2428 757 2467 eam
771 2407 893 2466 ducere:
916 2408 981 2480 quia
992 2407 1113 2485 proditio
1127 2409 1307 2485 virginitatis,
1400 2399 1404 2406 ¹
1418 2395 1420 2402 ¹

218 2515 266 2565 aut
277 2506 359 2565 bonae
374 2506 455 2564 samse
469 2514 513 2563 est
524 2525 570 2565 res
584 2509 675 2584 pretio
689 2507 906 2575 inaestimabilis,
918 2525 980 2580 quae
990 2507 1132 2584 prevalet,
1147 2516 1196 2565 aut
1207 2507 1307 2566 saltem

218 2605 366 2680 aequivalet
379 2606 512 2663 excessui
526 2605 697 2684 disparitatis
711 2602 860 2684 sponsi.’'¹

256 2712 285 2766 7.
307 2707 412 2768 Utrum
426 2707 558 2765 alteruter
570 2709 698 2766 occultos
712 2706 838 2766 desectus
852 2707 930 2767 alteri
944 2707 1074 2785 detegere
1089 2716 1225 2777 teneatur,
1240 2707 1307 2768 dum

217 2807 350 2864 ineuntur
362 2806 519 2884 sponsalia,
533 2809 580 2866 vel
593 2817 657 2866 ante
670 2809 794 2883 nuptias,
809 2808 952 2881 queritur.
984 2806 1106 2866 Constat
1119 2807 1243 2866 desectus
1259 2810 1309 2882 qui

217 2906 374 2980 perniciem
396 2905 518 2996 afferunt
537 2923 601 2963 esse
622 2906 854 2976 manifestandos,
876 2907 922 2966 vel
945 2927 961 2964 a
982 2908 1089 2984 nuptiis
1112 2907 1307 2966 absistendum

218 3021 299 3060 esse:
320 3022 386 3061 nam
409 3004 517 3061 nemini
536 3004 604 3063 licet
622 3023 687 3062 cum
709 3005 796 3064 altero
816 3007 907 3065 inscio
927 3007 1091 3064 contrahere
1105 3007 1135 3063 in
1148 3007 1210 3083 ejus
1224 3007 1308 3065 detri-

219 3113 356 3160 mentum.
400 3101 479 3161 Hinc
502 3104 551 3176 qui
576 3105 677 3163 morbo
697 3123 830 3174 venereo,
845 3105 889 3163 vel
900 3104 955 3162 alio
976 3105 1153 3180 contagioso,
1168 3105 1213 3162 vel
1225 3105 1305 3181 lepra

216 3200 334 3270 laborat,
349 3206 447 3275 nequit
466 3203 612 3278 sponsalia
632 3204 809 3272 contrahere,
831 3205 886 3264 nisi
909 3204 938 3261 in
960 3203 1054 3262 animo
1076 3203 1176 3261 habeat
1195 3205 1308 3279 nuptias

217 3299 294 3358 haud
308 3300 378 3359 inire
392 3311 541 3375 antequam
556 3321 591 3361 eo
602 3304 746 3372 liberetur,
767 3304 812 3361 vel
826 3305 913 3362 altero
926 3303 1045 3370 monito,
1059 3313 1088 3360 et
1101 3304 1306 3361 consentiente.

218 3399 251 3456 Si
266 3399 391 3459 delectus
405 3402 500 3459 minus
514 3413 644 3471 noceant,
667 3421 725 3460 non
746 3412 856 3461 tenetur
876 3405 940 3476 quis
954 3400 988 3459 ad
1002 3420 1051 3459 eos
1065 3402 1305 3470 manifestandos3

216 3518 270 3558 nec
285 3499 361 3560 enim
376 3503 419 3559 sic
432 3499 486 3558 sert
498 3501 685 3570 consuetudo,
699 3511 728 3559 et
740 3503 827 3561 nimis
841 3521 925 3579 grave
935 3500 1007 3558 soret
1020 3519 1070 3559 eos
1081 3501 1223 3579 detegere,
1237 3519 1307 3577 prae·

215 3599 312 3658 sertim
326 3619 391 3658 curn
404 3601 449 3658 sui
462 3601 569 3676 probro
583 3610 611 3659 et
623 3601 751 3659 infamia.
773 3601 831 3668 Qui
845 3598 997 3678 epilepsim
1009 3603 1124 3676 patitur,
1135 3603 1183 3659 vix
1197 3610 1308 3659 tenetur

215 3698 326 3758 adeam
341 3699 540 3759 declarandam
554 3710 618 3759 ante
632 3701 756 3778 nuptias.
786 3701 857 3768 Qua
870 3701 967 3778 puella
980 3700 1075 3758 vitiata
1088 3710 1140 3770 est,
1155 3721 1214 3761 non
1228 3711 1306 3759 tene·

215 3807 259 3855 tur
271 3817 356 3856 suum
369 3800 450 3858 fateri
464 3799 612 3858 delictum.
655 3799 741 3867 Quod
760 3803 786 3859 si
809 3801 980 3878 interrogata
1001 3801 1071 3859 illud
1091 3812 1185 3879 neget,
1207 3801 1304 3878 plures

216 3911 278 3952 eam
305 3896 410 3955 habent
429 3907 604 3967 excusatam,
632 3918 667 3958 eo
687 3899 764 3972 quod
790 3919 962 3978 responsum
983 3900 1199 3976 intelligendum
1219 3901 1257 3956 ait
1269 3896 1304 3955 de

215 3990 318 4051 delicto
331 3995 406 4066 quod
419 3995 499 4054 fateri
511 4006 647 4056 teneatur.
689 3999 801 4072 Nequit
818 4009 912 4058 tamen
933 3999 1014 4058 alteri
1036 3999 1142 4056 nubere
1164 4015 1227 4069 quae
1243 3996 1305 4072 jam

214 4091 250 4149 ab
263 4090 320 4150 alio
333 4101 376 4149 est
389 4094 514 4169 gravida,
536 4097 603 4168 quia
625 4098 729 4175 injuria
748 4100 775 4156 ei
795 4098 874 4156 fieret
893 4098 1015 4156 alienam
1030 4096 1140 4174 prolem
1154 4094 1302 4152 nutritura.

214 4189 286 4257 Quae
299 4191 391 4248 filium
403 4192 482 4251 alteri
491 4194 551 4270 jam
567 4197 687 4272 peperit,
701 4216 758 4256 non
772 4206 882 4255 tenetur
892 4195 960 4255 illud
975 4195 1073 4253 lateri:
1095 4192 1146 4251 sed
1156 4211 1208 4250 nec
1223 4192 1306 4250 debet

211 4297 321 4350 temere
334 4308 365 4350 se
380 4289 537 4361 discordiae,
548 4294 707 4371 jurgiisque
720 4295 885 4354 domesticis
899 4294 1032 4370 objicere,
1054 4294 1079 4352 si
1092 4292 1257 4354 verosimile
1268 4294 1306 4353 sit

586 4495 628 4562 (1)
647 4496 783 4563 S.A1ph.1.
795 4497 826 4546 vt
838 4512 864 4546 n.
876 4498 934 4545 sal.
