3124 5168
383 571 441 635 DE
462 569 738 638 RECEPTIONE
759 569 1156 634 SAORAMENTORUM.
1276 577 1315 634 2³

225 735 342 815 indigne
355 739 484 816 suscipit.
524 739 631 799 dictus
651 739 721 799 olim
744 738 897 808 dicebatur,
918 740 967 813 qni
981 739 1095 817 fingens
1114 757 1146 797 se
1165 749 1314 816 :peccato

229 855 294 896 esse
318 837 452 903 alienum,
479 836 514 896 ad
539 848 749 899 sacramentum
775 839 907 907 accessit,
939 839 989 910 qui
1008 837 1144 914 deinceps
1169 839 1316 898 tenebatur

230 935 367 995 maculam
382 937 556 1013 poenitentire
570 938 726 1015 lachrymis
740 937 846 1006 eluere,
869 955 958 1010 quum
972 947 1187 996 sacramentum
1209 938 1313 996 iterum

230 1036 376 1112 suscipere
389 1054 449 1096 non
472 1045 581 1112 posset.
623 1038 688 1096 “In
709 1036 760 1094 illo
779 1037 828 1108 qui
846 1036 933 1094 fictus
956 1035 1147 1104 accesserat,”
1170 1036 1260 1108 inquit
1280 1036 1312 1094 S.

229 1133 418 1210 Augustinus,
443 1143 463 1170 “
472 1135 505 1192 fit
517 1145 549 1193 ut
561 1154 619 1194 non
632 1134 725 1194 denuo
747 1136 915 1211 baptizetur,
936 1133 989 1191 sed
1001 1135 1065 1211 ipsa
1077 1135 1126 1211 pia
1138 1134 1313 1193 correctione

227 1241 255 1288 et
266 1250 333 1291 vera
344 1233 521 1292 correctione
534 1244 678 1311 purgetur,
692 1233 768 1306 quod
783 1252 840 1291 non
853 1242 952 1309 posset
964 1234 1028 1292 sine
1040 1233 1183 1310 baptismo
1194 1251 1202 1300 ;
1214 1232 1276 1298 ‚sed
1285 1242 1317 1290 ut

229 1330 306 1402 quod
319 1341 383 1390 ante
397 1330 494 1390 datum
508 1341 560 1401 est,
575 1341 642 1392 tunc
655 1332 749 1391 valere
764 1333 880 1408 incipiat
894 1332 1075 1401 adsalutem,
1096 1350 1162 1390 curn
1175 1331 1224 1390 illa
1236 1331 1315 1390 fictio

227 1431 323 1488 veraci
335 1431 518 1491 consessione
532 1424 732 1491 recesserit.”¹
772 1429 853 1488 Idem
873 1431 976 1505 pariter
994 1430 1030 1488 de
1052 1429 1267 1490 confirmatione
1287 1438 1317 1489 et

232 1527 331 1596 ordine
353 1528 453 1588 dicunt
464 1531 592 1606 plerique
612 1530 757 1606 theologi:
778 1547 938 1588 consonum
961 1529 1069 1606 quippe
1083 1529 1185 1588 divine
1198 1530 1315 1598 bonitati

230 1624 352 1695 ridetur,
373 1629 522 1704 poenitenti
540 1647 575 1686 ea
596 1628 703 1688 donare
722 1629 816 1704 gratita
841 1627 946 1685 auxilia
969 1629 1072 1701 quibus
1094 1629 1124 1686 in
1147 1628 1315 1686 sacramenti

231 1726 414 1804 susceptione
427 1746 481 1786 sua
493 1727 577 1804 culpa
590 1729 714 1803 privatus
728 1735 781 1784 est.
816 1748 820 1755 ·

269 1827 319 1882 47.
354 1824 454 1885 Gratia
480 1826 632 1899 unicuique
656 1845 708 1903 per
732 1809 911 1884 sacramenta
936 1826 1067 1884 tribuitur
1092 1845 1145 1903 pro
1170 1827 1233 1903 ejus
1260 1825 1318 1883 dis·

230 1922 388 1998 positione:
410 1925 539 1998 quamvis
559 1927 634 1984 enim
649 1925 710 1984 haec
729 1926 758 1983 vi
778 1945 829 1982 sua
849 1925 968 2002 gratiam
983 1925 1188 2001 impertiantur,
1208 1941 1246 1983 ex
1259 1923 1317 1982 Dei

229 2021 431 2091 misericordia,
458 2032 486 2081 et
510 2023 686 2092 liberalitate,
720 2043 783 2084 eam
817 2024 943 2082 tribuunt
981 2024 1174 2102 copiosiorem
1200 2024 1236 2082 iis
1264 2023 1317 2096 qui

230 2120 331 2197 majori
352 2121 446 2180 studio
468 2141 500 2180 se
521 2141 558 2180 ex
577 2124 673 2200 gratim
699 2123 807 2182 auxilio
827 2131 928 2198 parent
947 2121 984 2179 ad
1002 2141 1065 2181 eam
1085 2121 1315 2200 suscipiendam:

231 2217 308 2291 quod
334 2219 369 2278 de
389 2220 531 2297 baptismo
551 2230 661 2279 constat
681 2241 718 2278 ex
738 2221 862 2280 concilio
887 2221 1077 2282 Tridentino:
1099 2222 1261 2300 “justitiam
1287 2223 1318 2280 in

231 2317 315 2375 nobis
340 2318 522 2394 recipientes,
541 2319 740 2391 unusquisque
762 2337 843 2376 suam
866 2319 1022 2378 secundum
1047 2338 1212 2378 mensuram
1232 2339 1318 2394 quam

233 2415 357 2492 Spiritus
394 2415 515 2473 Sanctus
535 2417 652 2492 partitur
671 2416 792 2492 singulis
813 2425 898 2491 prout
920 2415 991 2482 vult,
1020 2426 1050 2473 et
1074 2417 1231 2476 secundum
1255 2435 1319 2494 pro·

231 2514 323 2591 priam
337 2515 477 2592 cujusque
490 2513 709 2590 dispositionem
723 2523 752 2572 et
764 2507 1047 2591 cooperationem.’'²
1200 2589 1203 2594 ι

268 2616 319 2671 48.
341 2613 399 2680 Qui
425 2623 611 2682 sacramenta,
638 2614 724 2671 etiam
751 2631 814 2686 qum
840 2612 1029 2672 characterem
1056 2632 1114 2673 non
1139 2613 1318 2691 imprimunt,

233 2713 352 2789 suscipit
373 2711 499 2790 indigne,
519 2715 639 2790 gratiam
661 2711 794 2796 deinceps
816 2712 955 2786 consequi
973 2694 1078 2789 poterit
1100 2713 1273 2790 poenitendo,
1288 2722 1319 2771 ut

232 2829 265 2869 ea
278 2811 405 2888 perficiat
417 2811 453 2870 ad
467 2830 530 2884 quae
544 2811 650 2870 auxilia
669 2813 882 2870 sacramentalia
901 2813 1159 2880 necessariarum
1181 2832 1216 2870 v:
1231 2831 1266 2889 g:
1288 2823 1319 2870 ut

233 2928 322 2968 onera
341 2918 478 2994 sustentet
496 2910 678 2978 matrimonii,
697 2911 830 2969 velutin
844 2911 997 2970 certamine
1010 2913 1106 2969 vincat
1119 2910 1317 2971 moribundus.

233 3008 415 3068 Eucharistia
428 3007 492 3067 verd
506 3012 611 3085 poterit
622 3011 720 3068 iterato
733 3009 834 3086 recipi.

271 3111 322 3167 49.
344 3109 401 3175 Qui
422 3127 473 3168 sua
486 3109 570 3186 culpa
586 3109 684 3166 amisit
702 3108 821 3184 gratiam
837 3108 899 3184 jam
919 3107 949 3164 in
969 3115 1146 3165 sacramento
1166 3115 1320 3184 receptam,

233 3208 330 3266 amisit
341 3225 457 3281 quoque
465 3208 515 3284 jus
530 3207 566 3265 ad
580 3207 685 3266 auxilia
699 3206 996 3280 sacramentumque
1011 3213 1105 3266 tamen
1114 3203 1190 3263 haud
1200 3206 1320 3264 omnino

234 3305 407 3373 auferuntur,
433 3315 571 3378 quatenus
596 3306 660 3364 aliis
684 3308 811 3382 prosint:
846 3325 912 3364 nam
939 3305 1075 3364 ministris
1101 3305 1200 3374 sacris,
1234 3304 1318 3364 etiam

233 3403 371 3482 indignis,
397 3404 481 3482 plura
508 3403 567 3462 dari
596 3413 713 3462 constat·
730 3406 761 3463 in
781 3404 899 3462 aliorum
919 3406 1090 3471 utilitatem:
1116 3405 1189 3462 sicut
1208 3414 1237 3461 et
1267 3403 1319 3462 Ju-

124 3540 130 3552 ι
232 3502 359 3562 daeorum
373 3503 504 3581 pontifici
517 3503 636 3580 contigit
647 3501 757 3576 Christi
771 3510 889 3561 mortem
904 3495 1085 3578 praedicere.³

271 3607 320 3662 50.
343 3603 446 3662 Utrum
460 3602 544 3660 liceat
563 3611 737 3660 sacramenta
759 3622 775 3660 a
795 3602 925 3660 ministro
944 3600 1063 3678 indigno
1083 3609 1179 3677 petere
1198 3599 1320 3660 dubitari

231 3710 334 3778 potest.
375 3699 523 3776 Equidem
543 3702 569 3759 si
588 3703 652 3778 ejus
672 3700 825 3778 indignitas
846 3709 949 3777 pateat,
976 3707 1004 3758 et
1023 3699 1102 3758 nulla
1127 3701 1165 3759 sit
1186 3700 1320 3775 specialis

231 3801 303 3858 ratio
316 3802 379 3878 ejus
393 3801 582 3859 ministerium
595 3799 758 3876 expetendi,
781 3800 898 3858 minime
911 3799 986 3867 licet,
1009 3817 1097 3872 quum
1111 3799 1232 3858 charitas
1246 3806 1322 3856 vetet

234 3897 320 3956 alium
345 3899 382 3957 ad
406 3895 594 3976 peccandum,
620 3899 688 3957 licet
707 3900 770 3975 ipse
796 3899 940 3957 voluntate
966 3916 1072 3974 pronus
1098 3898 1146 3965 sit,
1166 3895 1319 3956 inducere:

237 3995 373 4054 “Praeter
390 3999 570 4057 necessitatis
590 3997 771 4066 articulum,'’
792 3999 885 4071 inquit
903 3997 936 4055 S.
964 3997 1106 4063 Thomas,
1134 4003 1220 4051 “non
1247 4001 1324 4049 esset

233 4103 324 4154 tutum
350 4096 427 4168 qnod
447 4115 512 4158 eum
532 4096 681 4156 induceret
700 4097 735 4156 ad
761 4096 877 4171 aliquod
902 4097 948 4155 sui
972 4095 1082 4154 ordinis
1108 4085 1320 4160 exequendum,

231 4193 350 4254 durante
364 4194 413 4254 tali
426 4197 610 4266 conscientia,
626 4194 703 4271 quod
715 4197 763 4256 ille
776 4198 804 4255 in
818 4204 935 4274 peccato
950 4193 1060 4252 mortali
1073 4183 1201 4246 esset.”⁴

268 4425 310 4492 (1)
329 4423 504 4492 cassura
516 4421 784 4494 mnnauonatcasc
854 4421 897 4484 (a)
916 4375 1297 4481 &maecenatiana

267 4511 309 4578 (³)
327 4511 399 4562 Jcsn.
410 4511 445 4562 xi.
458 4515 499 4562 er.
714 4509 756 4575 (4)
776 4505 805 4555 In
816 4503 850 4554 iv.
861 4503 916 4553 dist.
928 4501 995 4588 xxiv.
1007 4517 1030 4566 q.
1042 4501 1059 4554 i.
1070 4508 1113 4552 art
1124 4501 1158 4552 iit
1169 4516 1193 4565 q.
1205 4517 1228 4550 v.
1239 4499 1271 4549 sd
1282 4501 1307 4548 3.
