3144 5192
479 528 681 590 canonas
701 506 1012 590 POENITENTIAE.
1218 537 1290 593 -aca

243 697 278 756 si
305 696 368 770 quis
398 695 563 755 adolescens
590 715 655 756 cum
682 697 792 774 virgine
818 699 988 774 peccaverit,
1009 697 1203 774 poenitentiam
1229 708 1295 777 aget

204 815 293 855 unum
307 814 422 854 annum.

244 895 301 963 Qui
314 895 447 972 puellam,
462 903 509 952 aut
522 894 669 953 mulierem
682 894 834 952 libidinose
845 896 1051 963 obtrectaverit,
1065 897 1090 954 si
1104 897 1224 956 clericus
1239 908 1293 966 est,

205 996 330 1069 quinque
344 992 423 1062 dies3
444 995 470 1051 si
492 994 591 1062 laicus,
613 1003 670 1052 tres
690 992 750 1051 dies
766 994 960 1070 poenitentiam
974 1003 1054 1071 aget3
1076 997 1234 1056 monachus
1248 997 1294 1055 vel

205 1091 335 1152 sacerdos
350 1113 366 1150 a
378 1093 536 1153 ministerio
550 1111 719 1170 suspensus,
734 1094 876 1169 poenitens
890 1095 943 1151 erit
956 1093 1017 1152 dies
1033 1095 1142 1172 viginti.

244 1193 278 1251 Si
303 1192 368 1265 quis
394 1194 423 1252 in
448 1192 557 1252 balneis
584 1211 649 1251 cum
670 1192 791 1251 muliere
817 1211 848 1250 se
873 1193 982 1261 laverit,
1008 1195 1204 1270 poenitentiam
1231 1203 1296 1272 aget

206 1291 308 1351 triduo.
869 1293 870 1296 ’

244 1389 302 1458 Qui
316 1390 493 1466 concupierit
504 1389 655 1466 virginem,
666 1408 751 1462 quam
771 1397 871 1466 postea
887 1409 1007 1448 uxorem
1021 1390 1144 1461 duxerit,
1159 1393 1297 1470 preniten-

204 1491 272 1549 tiam
286 1496 351 1564 aget
372 1507 479 1547 annum
502 1508 552 1566 per
569 1489 718 1566 legitimas
732 1489 838 1546 serias:
860 1490 886 1547 si
906 1508 975 1548 vero
995 1508 1053 1548 non
1067 1489 1189 1562 duxerit,
1203 1511 1294 1552 annos

206 1588 279 1647 duos
294 1605 346 1663 per
356 1587 501 1664 legitimas
515 1589 612 1646 serias.
1017 1601 1019 1606 ’

246 1684 343 1745 Vidua
357 1705 419 1760 quae
434 1696 561 1763 stuprum
576 1687 731 1754 admiserit,
746 1687 940 1764 poenitentiam
956 1697 1134 1764 agetannum
1152 1709 1252 1760 uuum,
1267 1701 1295 1749 et

208 1795 345 1864 praeterea
359 1786 446 1844 altero
460 1805 535 1845 anno
548 1786 610 1844 dies
620 1787 807 1863 jejuniorum,
812 1784 910 1866 seriis
921 1803 1025 1866 nempe
1038 1786 1197 1866 legitimis.

248 1884 324 1944 Cum
350 1885 459 1943 duabus
485 1886 629 1944 sororibus
652 1886 817 1952 fornicatae,
845 1886 1039 1962 paenitentiam
1060 1899 1124 1965 aget
1150 1899 1208 1948 toto
1232 1890 1296 1946 vitae

209 2003 268 2044 suae
282 1994 419 2061 tempore.

247 2084 305 2151 Qui
318 2085 458 2142 incestum
471 2083 571 2142 fecerit
591 2088 669 2161 (non
683 2083 728 2144 itu
742 2081 910 2157 enormem)
932 2085 958 2142 ei
979 2085 1026 2144 alii
1041 2105 1179 2145 annorum
1194 2086 1299 2146 duode-

210 2185 277 2251 cim,
292 2184 341 2241 alii
354 2182 529 2257 quindecim,
545 2183 592 2241 alii
607 2182 717 2251 decem,
729 2183 776 2241 alii
790 2193 898 2260 septem
910 2186 1102 2260 paenitentiam
1113 2188 1298 2246 constituunt.

250 2282 432 2354 Quicumque
446 2281 579 2341 sacerdos
594 2283 770 2358 spiritualem
781 2282 870 2340 filiam
884 2283 1039 2354 violaverit,
1054 2285 1198 2364 dignitatis
1209 2286 1299 2345 hono·

211 2398 273 2439 rem
286 2381 403 2448 amittet,
417 2392 446 2439 et
458 2393 624 2459 perpetuam
639 2383 835 2459 poenitentiam
849 2391 922 2457 aget.

212 2497 215 2502 ·
250 2478 308 2546 Qui
322 2480 475 2539 monialem
490 2481 646 2549 violaverit,
661 2482 804 2558 poenitcns
818 2482 855 2538 sit
868 2481 949 2538 annis
964 2480 1075 2540 decem.

251 2578 416 2656 Presbyter,
430 2580 454 2637 si
468 2581 684 2639 fornicationem
705 2580 858 2648 admiserit,
872 2590 975 2656 sponte
989 2581 1149 2651 confessus,
1165 2582 1302 2660 poeniten·

213 2679 279 2738 tiam
294 2688 359 2757 aget
371 2699 461 2739 annos
476 2680 587 2739 decem.

251 2778 307 2845 Qui
331 2799 396 2838 cum
409 2781 498 2839 brutis
522 2780 630 2846 coierit,
655 2779 820 2856 poenitentia
840 2776 978 2851 afficietur
1000 2797 1139 2841 annonrm
1160 2781 1259 2840 decem
1273 2791 1302 2839 et

212 2877 379 2936 diuturniori
392 2879 476 2936 etiam
491 2896 543 2955 pro
558 2897 688 2955 personae
702 2878 875 2936 conditione.

257 2975 315 3041 Qui
338 2985 436 3034 contra
449 2987 575 3034 naturam
590 2977 698 3045 coierit,
719 2978 745 3035 si
764 2997 863 3035 servus
886 2989 938 3046 est,
959 2980 1056 3056 scopis
1069 2979 1260 3056 castigabitur,
1275 2990 1305 3038 et

216 3072 364 3152 poenitebit
376 3093 466 3133 annos
487 3074 578 3144 duos3
600 3077 626 3134 si
647 3077 720 3135 liber
742 3086 795 3145 est,
817 3087 845 3134 et
869 3078 1048 3136 matrimonio
1064 3079 1191 3154 junctus,
1213 3096 1302 3135 annos

219 3173 336 3241 decem;
350 3175 375 3232 si
389 3172 507 3242 solutus,
521 3193 611 3233 annos
626 3186 752 3254 septem:
775 3177 866 3254 pueri,
880 3175 941 3234 dies
955 3185 1084 3235 centum:
1106 3176 1195 3234 laicus
1209 3176 1305 3234 matri·

222 3273 319 3332 monio
329 3273 456 3350 junctus,
470 3273 495 3330 si
509 3275 537 3333 in
551 3275 756 3334 consuetudine
769 3277 863 3343 habet,
878 3295 967 3335 annos
981 3274 1163 3349 quindecim:
1185 3277 1210 3333 si
1224 3275 1305 3334 cleri·

214 3390 275 3439 cus,
290 3370 324 3429 de
338 3371 427 3450 gradu
441 3385 562 3442 amotus,
583 3385 614 3432 ut
635 3375 723 3434 laicus
748 3376 942 3451 poenitentiam
957 3384 1037 3452 aget:
1059 3376 1109 3448 qui
1133 3394 1197 3432 cum
1220 3374 1304 3433 fratre
1334 3358 1337 3366 s

215 3471 269 3542 tale
292 3473 385 3531 scelus
406 3471 560 3542 admiserit,
582 3474 616 3532 ab
641 3475 719 3533 omni
740 3493 824 3533 carne
844 3475 1002 3543 abstinebit,
1030 3476 1227 3552 poenitensque
1254 3476 1307 3532 erit

214 3589 303 3631 annos
317 3571 500 3645 quindecim
521 3575 545 3633 si
559 3575 690 3641 clericus,
705 3573 875 3633 diuturniori
890 3583 918 3630 et
931 3573 1053 3651 graviori
1067 3575 1244 3652 poenitentia.

260 3671 366 3732 Mulier
391 3673 421 3731 in
447 3691 489 3742 se,
517 3683 565 3733 aut
589 3692 656 3731 cuur
682 3674 769 3731 altera
795 3674 949 3741 fornicans,
977 3676 1142 3752 poenitentia
1167 3673 1306 3734 afficietur

215 3770 335 3829 duorum
358 3791 508 3831 annorum.
551 3770 605 3831 Vir
631 3773 660 3830 iu
687 3790 719 3830 se
744 3774 908 3846 inquinans,
937 3775 1028 3851 primo
1052 3774 1112 3833 dies
1139 3774 1254 3843 decem;
1282 3773 1307 3830 si

215 3869 328 3936 iterum,
342 3869 401 3928 dies
415 3872 533 3948 viginti3
555 3872 580 3930 si
594 3872 687 3940 tertio,
701 3872 763 3931 dies
777 3873 907 3951 triginta:
930 3875 955 3932 si
975 3875 1080 3932 nefarie
1101 3889 1184 3949 agere
1198 3881 1307 3949 perget,

217 3967 390 4044 poenitentiae
412 3972 539 4028 accessio
558 3972 586 4028 ei
607 3971 672 4030 det:
703 3973 728 4030 si
752 3991 833 4049 puer,
854 3970 914 4030 dies
936 3973 1135 4048 quadraginta3
1162 3971 1187 4027 si
1208 3971 1308 4046 major,

218 4065 382 4139 quindecim
397 4069 489 4136 annis,
504 4068 565 4127 dies
579 4079 703 4129 centum.

257 4164 315 4233 Qui
328 4165 481 4244 complexu
495 4166 608 4227 feminee
629 4170 673 4228 vel
686 4170 788 4229 osculo
801 4169 946 4247 polluitur,
961 4166 1154 4246 penitentiam
1169 4175 1234 4244 aget
1247 4165 1308 4226 dies

217 4265 348 4343 triginta:
370 4265 419 4339 qui
433 4274 562 4326 contactu
576 4269 782 4338 inverecundo,
797 4286 910 4328 menses
924 4275 991 4326 tres.

256 4366 314 4431 Qui
327 4365 507 4443 concupiscit
521 4378 624 4436 mente,
647 4367 698 4427 sed
722 4387 779 4428 non
800 4369 901 4445 potuit,
918 4364 979 4424 dies
999 4363 1098 4424 decem
1113 4367 1308 4443 penitentiam

221 4475 295 4542 aget.

258 4564 334 4623 Voc.
349 4563 487 4624 lit-ae
