3144 5192
586 506 728 567 CAPUT
748 507 931 567 UNIOUM.
1243 515 1300 570 aot

216 677 351 756 orationis
377 695 443 734 oum
463 675 595 735 unctione
619 673 835 751 conjungendae.
878 672 963 741 Quod
984 682 1079 732 autern
1100 674 1303 736 misericordie
1394 749 1397 754 Ι

218 776 276 834 Dei
294 776 344 834 fiat
363 775 479 842 mentio,
494 774 624 832 nonnulli
637 783 738 850 putant
758 791 874 850 prorsus
894 775 1098 841 necessarium,
1113 774 1176 832 aliis
1202 793 1306 850 negan-

218 876 308 934 tibus:
323 895 385 948 qure
399 874 601 933 sententiarum
616 873 734 930 varietas
749 872 783 930 de
797 873 917 931 vocibus
938 871 1106 946 “quidquid
1126 872 1304 947 deliquisti,”

220 974 304 1033 etiam
319 975 465 1050 reperitur.
507 971 593 1050 Apud
606 991 707 1031 omnes
721 981 830 1030 constat
843 973 960 1030 mortale
974 989 1038 1028 esse
1052 981 1199 1048 peccatum
1218 991 1305 1030 voces

220 1092 284 1146 quor
298 1075 327 1131 in
341 1074 497 1145 quaestione
511 1074 611 1149 positae
631 1081 708 1140 sunt,
723 1072 853 1130 consulto
873 1072 1013 1140 omittere,
1029 1089 1117 1144 quum
1138 1073 1307 1131 sacramenti

219 1171 298 1231 valor
311 1172 486 1250 periclitetur
498 1191 563 1230 eum
574 1171 737 1230 moribundi
751 1163 879 1248 iujuria.¹
1054 1169 1060 1181 '

547 1383 628 1460 §.IL
670 1383 718 1442 De
738 1402 811 1442 nrru
830 1402 978 1442 unorum.

260 1558 288 1612 5.
310 1554 418 1612 Unctio
433 1552 560 1626 quinquo
573 1570 721 1619 sensuum,
733 1551 833 1609 saltem
842 1569 879 1608 ex
892 1560 1034 1628 praecepto
1044 1551 1172 1610 eeclesiae
1181 1551 1309 1614 sumenda

220 1660 280 1721 est;
303 1661 321 1689 ‘⁶
334 1654 400 1725 quia
413 1653 519 1710 curatio
538 1651 703 1710 interiorum
718 1652 868 1710 vulnerum
882 1655 940 1709 non
953 1659 1046 1727 potest
1064 1651 1188 1727 perfecte
1201 1653 1309 1728 signiti-

220 1753 279 1811 cari
291 1753 347 1810 uisi
361 1771 413 1828 per
426 1750 638 1829 appositionem¹
647 1749 794 1809 medicinae
809 1749 842 1807 ad
856 1749 981 1808 diversas
1002 1750 1151 1808 vulnerum
1165 1751 1273 1810 radices
1283 1746 1308 1808 :²

219 1861 248 1910 et
260 1851 324 1910 ideo
338 1853 434 1929 plures
445 1851 572 1909 actiones
587 1859 653 1908 sunt
661 1849 695 1907 de
710 1849 883 1926 perfectione
897 1849 982 1926 hujus
996 1849 1196 1908 sacramenti.”
1221 1849 1308 1908 Multi

221 1960 339 2010 censent
353 1970 416 2008 eam
430 1949 465 2007 ad
478 1950 632 2008 essentiam
652 1949 802 2026 pertinere.
845 1948 878 2005 Si
892 1957 1004 2026 tempus
1019 1968 1077 2007 non
1099 1957 1231 2025 suppetat
1243 1948 1309 2007 ritui
1416 1991 1418 1994 -
1523 1974 1525 1979 s

218 2049 402 2127 perficiendo,
417 2049 510 2116 unica,
527 2049 662 2125 in‘oapitc
678 2049 845 2124 presertim,
860 2049 963 2125 poterit
977 2047 1039 2105 fieri
1055 2043 1177 2116 unctio,⁸
1190 2048 1308 2107 vocibus

221 2150 278 2208 illis
292 2149 426 2224 prolatis:
443 2157 463 2183 ‘⁶
472 2134 530 2205 Per
539 2148 623 2205 istam
637 2157 763 2206 sanctam
777 2149 940 2206 unctionem
950 2146 1095 2224 indulgeat
1106 2148 1156 2206 tibi
1164 2147 1308 2207 Dominus

222 2246 362 2321 quidquid
375 2265 426 2322 per
438 2263 539 2304 sensus
548 2245 691 2320 deliquisti
700 2245 731 2315 ;''
746 2246 791 2305 vel
806 2246 972 2319 “quidquid
986 2245 1131 2320 deliquisti
1143 2248 1308 2323 pervisum,

222 2345 360 2412 auditum,
375 2345 534 2412 odoratum,
548 2356 663 2424 gustum
678 2355 705 2403 et
725 2344 862 2404 tactum.’'
905 2344 1050 2420 Deinceps
1070 2347 1095 2402 si
1117 2346 1310 2422 supervixerit

189 2471 190 2476 ¹
226 2445 430 2518 aliquantulum
455 2452 574 2525 unctus,
590 2445 693 2521 poterit
717 2444 788 2502 ritus
814 2444 867 2502 sub
899 2443 1062 2502 conditione
1095 2443 1204 2519 perfici,
1226 2445 1311 2526 juxta

223 2543 352 2604 ordinem
360 2552 540 2602 consuetum.
583 2543 628 2602 Ad
639 2544 792 2601 essentiam
805 2562 862 2601 non
877 2553 1006 2600 censetur
1018 2543 1145 2609 attinere,
1159 2550 1190 2599 ut
1202 2541 1310 2619 duplex

223 2661 323 2702 sensus
356 2661 504 2720 organum,
524 2661 562 2698 v:
586 2662 625 2720 g:
652 2650 769 2714 uterque
796 2643 897 2701 oculus
922 2634 1068 2720 ungatur3¹
1090 2650 1263 2718 quapropter
1281 2643 1307 2701 si

220 2743 350 2802 infirmus
364 2751 486 2816 nequeat
499 2741 580 2810 verti,
594 2742 641 2801 vel
662 2743 686 2799 si
701 2760 753 2818 pes
767 2741 835 2799 alter
848 2741 885 2800 sit
898 2741 1061 2818 impeditus,
1076 2741 1168 2800 omitti
1187 2742 1308 2818 poterit;

222 2844 352 2916 quamvis
371 2852 490 2914 utraque
510 2841 608 2898 unctio
631 2859 668 2898 ex
687 2851 829 2917 praeoepto
854 2840 983 2899 facienda
1008 2842 1055 2899 sit.
1098 2840 1192 2910 Oculi,
1214 2859 1307 2909 aures,

222 2958 316 3007 nares,
331 2958 374 3007 os,
389 2958 501 3007 manus,
515 2938 614 3014 pedes,
628 2949 656 2997 et
669 2958 752 2998 renes
773 2938 897 3016 ungendi
910 2949 977 2997 sunt
994 2940 1077 3015 juxta
1089 2939 1188 2998 rituale
1202 2940 1310 2998 Roma·

223 3055 305 3097 num.
353 3037 496 3096 “Renum
523 3038 620 3097 unctio
646 3039 676 3096 in
701 3039 866 3097 mulieribus
896 3038 1050 3096 honestatis
1083 3037 1172 3112 gratia
1196 3055 1311 3114 semper
1417 3061 1418 3065 ¹

223 3137 371 3205 omittitur,
386 3147 468 3210 atque
495 3138 581 3194 etiam
601 3138 631 3194 in
650 3138 729 3205 viris,
748 3138 862 3210 quando
882 3137 1010 3196 infirmus
1031 3135 1181 3193 commode
1196 3139 1311 3195 moveri

223 3255 281 3296 non
294 3244 405 3314 potest:
419 3235 471 3293 scd
491 3236 594 3294 sivein
615 3237 792 3306 mulieribus,
807 3238 866 3295 sive
887 3238 917 3294 in
930 3236 1009 3302 viris,
1022 3234 1079 3292 alia
1100 3235 1226 3312 corporis
1243 3254 1309 3313 pars

223 3355 276 3414 pro
289 3336 404 3395 renibus
418 3335 487 3412 ungi
500 3354 558 3394 non
572 3334 688 3395 debet.”
722 3335 808 3414 Apud
822 3354 873 3394 nos
887 3353 986 3393 renum
999 3334 1105 3401 unctio,
1119 3345 1178 3392 tum
1192 3335 1222 3392 in
1232 3335 1310 3404 viris,

223 3445 283 3494 turn
296 3436 326 3494 in
337 3435 514 3504 mulieribus,
524 3435 680 3494 omittitur:
694 3435 782 3512 pedes
794 3445 888 3492 tamen
897 3441 1170 3509 semperunguntur,
1181 3434 1310 3506 quamvis

222 3554 281 3594 nou
293 3536 399 3609 ubique
418 3543 556 3594 terrarum
570 3534 669 3593 eadem
685 3535 723 3592 sit
743 3529 945 3594 consuetudo.⁴
984 3533 1159 3592 Unctionum
1180 3532 1309 3593 ordinem

223 3643 329 3694 temere
343 3636 482 3696 invertere
496 3653 583 3714 grave
596 3633 668 3693 foret
686 3645 846 3712 peecatum,
861 3633 912 3691 sed
932 3633 1100 3692 sacramenti
1114 3634 1239 3692 valorem
1251 3652 1311 3696 non

221 3735 339 3811 attingit.
891 3743 894 3749 '

263 3836 291 3889 6.
313 3833 347 3891 si
367 3834 431 3906 quis
450 3841 544 3891 careat
563 3832 658 3907 aliqua
671 3841 750 3908 parte
770 3831 896 3908 corporis
916 3830 1058 3908 ungenda,
1074 3838 1169 3907 “pars
1182 3832 1247 3890 loco
1267 3830 1309 3888 illi

221 3929 352 4006 proxima
364 3931 516 4007 inungatur
534 3931 633 3992 eadem
657 3932 805 3991 verborum
819 3924 948 3989 sorma.'⁴
987 3929 1020 3987 Si
1040 3947 1108 3988 aure
1130 3936 1232 3996 careat,
1245 3945 1311 4004 pars

222 4027 324 4106 capitis
346 4029 507 4106 propinqua
532 4030 697 4108 inungenda
717 4039 776 4088 est:
800 4030 833 4088 Si
854 4029 927 4107 pede
947 4027 995 4086 vet
1013 4025 1140 4095 brachio,
1163 4043 1238 4103 genu
1264 4025 1311 4086 rel

356 4206 399 4272 (ι)
419 4205 445 4252 s.
456 4205 532 4268 Alph.
542 4207 559 4255 1.
570 4206 602 4256 vt.
612 4223 638 4257 n.
651 4210 708 4257 ⁷11.

356 4291 400 4357 (2)
419 4289 447 4338 S.
458 4289 549 4340 Thom.
561 4289 638 4354 Supp.
649 4291 683 4342 iii.
697 4307 721 4355 p.
732 4307 773 4354 qu.
784 4290 854 4340 xxix.
865 4295 908 4338 ort
919 4287 945 4338 ii.
979 4286 1054 4352 Καρ.

357 4377 399 4443 (3)
419 4374 483 4429 Vide
495 4374 621 4426 Benedici.
628 4375 699 4430 XIV.
710 4376 740 4430 de
750 4375 845 4445 synodo
855 4373 949 4431 dtoecu.
960 4372 976 4428 l
987 4371 1028 4427 vii.
1039 4387 1061 4423 c.
1072 4370 1139 4424 xviii.
1150 4386 1176 4428 u·
1187 4374 1211 4428 5·

356 4462 399 4529 (4)
418 4459 519 4521 Ibidem,
530 4475 557 4514 n.
570 4461 592 4509 l.
