3108 5162
277 545 336 604 80⁰
474 539 531 600 DE
552 536 871 598 lMPEDlMENTIS
892 537 1168 598 MATRIMONII.

275 707 345 779 alter
357 706 475 767 alterum
489 715 632 764 aversatur
644 706 681 766 ob
693 715 821 766 naturam
832 723 931 782 parum
944 715 1038 782 aptam
1052 705 1148 766 ooitui.
1189 705 1363 782 lmpotentis

277 807 410 884 quelibet
427 806 634 884 superveniens
660 807 842 864 matrimonio
865 823 923 864 non
943 805 1013 864 illud
1038 803 1154 872 dirimit,
1167 806 1280 864 etiamsi
1300 825 1366 864 eon·

277 919 450 966 summatum
463 905 555 976 adhuc
568 924 625 964 non
647 905 693 974 sit,
705 925 769 964 nam
790 905 934 964 viuoulum
949 914 993 962 est
1004 914 1182 982 perpetuum,
1192 916 1222 963 et
1234 915 1253 940 ‘⁴
1263 905 1367 964 sactum

277 1006 404 1084 lpgitime
426 1006 567 1065 retraetari
590 1023 648 1064 non
670 1003 764 1073 debet,
778 1007 846 1064 licet
866 1004 936 1076 quid
957 1015 1055 1081 postes
1074 1004 1216 1062 eveniata
1237 1023 1294 1077 quo
1307 1023 1365 1062 non

277 1107 370 1184 potuit
394 1104 554 1164 inchoari.”
596 1103 684 1182 Igitur
709 1105 758 1176 qui
785 1106 813 1164 vi
833 1113 966 1164 exssotus
991 1113 1045 1171 est,
1060 1103 1107 1162 vel
1128 1102 1198 1162 alias
1219 1105 1363 1179 impotens

276 1205 379 1274 faetus,
399 1223 456 1264 non
470 1195 586 1262 'desinit
611 1204 727 1262 maritus
752 1222 827 1273 esse,
848 1205 915 1264 lieet
931 1204 997 1280 jure
1016 1203 1143 1280 eonjugii
1167 1203 1209 1260 uti
1231 1212 1366 1276 nequeat.

277 1305 386 1364 'l’sctus
406 1313 435 1362 et
460 1311 589 1379 aspeotus
611 1302 687 1362 haud
709 1303 831 1381 graviter
849 1304 884 1362 iis
906 1303 984 1360 vetiti
1009 1301 1149 1370 videntur,
1164 1302 1189 1360 si
1207 1303 1369 1379 perieulum

277 1403 441 1480 pollutionis
456 1401 538 1470 absit,
552 1413 619 1461 sunt
631 1404 708 1462 enim
724 1403 783 1462 veri
796 1404 945 1480 conjuges.

315 1505 386 1562 2⁰7.
409 1501 644 1578 Hermaphroditi
667 1501 798 1562 dicuntur
818 1503 866 1576 qui
879 1502 943 1560 lusu
958 1498 1082 1574 quodam
1095 1509 1202 1560 naturae
1215 1501 1368 1573 utriusque

276 1619 364 1660 sexus
379 1619 447 1660 vasa
459 1600 571 1659 habent
604 1601 646 1660 Hi
659 1603 825 1660 contrahere
839 1601 934 1660 valent
941 1602 1025 1678 juxta
1033 1616 1135 1658 sexum
1149 1600 1200 1672 qui
1214 1599 1368 1676 prevalere

276 1699 396 1769 videtur,
406 1700 451 1758 vel
464 1701 489 1759 si
502 1717 547 1758 res
561 1701 599 1758 sit
608 1699 703 1768 dubia,
710 1702 794 1778 juxta
804 1701 977 1766 alterutrum,
986 1700 1016 1758 in
1027 1717 1085 1772 quo
1096 1708 1189 1758 tamen
1203 1707 1369 1758 constanter

276 1799 379 1860 durare
393 1800 504 1865 debent3
514 1801 644 1872 quamvis
653 1801 744 1860 valeat
757 1801 977 1868 matrimonium,
989 1799 1015 1857 si
1028 1806 1093 1875 post
1100 1800 1233 1876 conjugis
1247 1808 1368 1858 mortem

277 1919 378 1960 sexum
393 1900 479 1958 veluti
497 1907 615 1958 mutent.

315 2003 386 2060 208.
407 1997 525 2078 Ruptus
546 1997 779 2076 impedimentum
806 2018 822 2056 a
847 1999 970 2058 concilio
996 1996 1166 2056 Tridentino
1192 1997 1239 2056 his
1272 1999 1366 2056 verbis

276 2109 408 2158 statutum
422 2109 474 2157 est.
503 2107 522 2134 ‘⁸
533 2098 670 2156 Deoernit
682 2097 786 2156 Saneta
800 2098 948 2174 synodus,
963 2097 1035 2155 iuter
1047 2105 1189 2174 raptorem
1203 2106 1232 2155 et
1241 2107 1363 2174 raptam,

277 2198 410 2270 quamdiu
423 2198 486 2272 ipsa
499 2199 528 2256 in
542 2206 680 2273 potestate
694 2198 814 2273 raptoris
827 2197 972 2264 manserit,
988 2195 1096 2256 nullum
1111 2214 1197 2272 posse
1211 2197 1366 2255 consistere

274 2295 495 2356 matrimonium.
537 2296 623 2364 Quod
637 2297 662 2355 si
676 2307 754 2373 rapta
773 2307 914 2374 araptore
934 2304 1072 2373 separata,
1086 2306 1115 2354 et
1134 2295 1163 2353 in
1175 2296 1239 2355 looo
1257 2306 1317 2354 tuto
1338 2305 1367 2353 et

274 2397 366 2456 libero
379 2397 540 2465 constituta,
554 2397 633 2456 illum
648 2398 677 2456 in
698 2398 790 2456 virum
812 2397 917 2455 habere
936 2395 1123 2463 consenserit,
1137 2412 1199 2454 eam
1222 2403 1318 2471 raptor
1337 2395 1366 2452 in

275 2515 395 2558 uxorem
416 2495 525 2564 habeat,
539 2505 567 2554 et
586 2497 770 2556 nihilominus
785 2506 879 2573 raptor
892 2496 964 2573 ipse,
979 2513 1012 2552 ae
1026 2512 1126 2554 ornnes
1147 2494 1188 2554 illi
1201 2495 1365 2560 eonsilium,

274 2596 424 2662 auxilium,
438 2604 466 2652 et
485 2595 611 2654 savorem
634 2597 800 2673 prebentes,
815 2597 872 2654 sint
891 2597 956 2672 ipso
977 2594 1043 2670 juro
1063 2595 1312 2660 exeommunicati,
1329 2613 1364 2652 ao

275 2705 414 2772 perpetuo
433 2693 565 2762 infames,
580 2696 765 2768 omniumque
789 2694 957 2771 dignitatum
978 2694 1144 2771 incapacem
1165 2703 1203 2762 et,
1224 2694 1249 2751 si
1270 2693 1366 2755 elerici

273 2793 387 2859 suerint,
413 2791 449 2850 de
474 2794 591 2868 proprio
617 2793 705 2869 gradu
732 2792 872 2851 decidant.
920 2794 1066 2852 Teneatur
1097 2802 1236 2868 preterea
1267 2801 1365 2869 raptor

272 2890 421 2950 mulierem
446 2899 566 2964 raptam,
593 2891 654 2948 sive
680 2909 743 2948 earn
770 2909 890 2950 uxorem
916 2891 1040 2960 duxerit,
1064 2893 1125 2950 sive
1152 2911 1212 2952 non
1237 2892 1361 2959 duxerit,

273 2989 405 3048 decenter
418 2987 531 3047 arbitrio
547 2987 655 3065 judiois
669 2987 812 3050 dotare.’'¹
854 2992 965 3068 Raptus
983 2992 1099 3051 nomine
1120 2991 1286 3070 intelligitur
1306 2992 1365 3050 vio·

272 3089 348 3150 lenta
361 3087 494 3147 abductio
506 3088 632 3149 mulieris
643 3090 677 3150 ad
689 3089 843 3150 ineundum
852 3109 917 3150 eum
928 3109 963 3148 aa
972 3091 1194 3152 matrimonium.
1216 3091 1361 3166 Equidem

275 3188 405 3248 (larriere
419 3198 516 3248 oenset
529 3188 727 3248 abductionem
738 3208 753 3246 e
766 3189 830 3248 loeo
844 3189 879 3248 ad
891 3191 987 3250 locum
1000 3209 1059 3250 non
1072 3193 1232 3250 necessario
1245 3191 1361 3265 requiri:

275 3299 295 3327 ‘⁶
307 3289 341 3349 Si
354 3289 418 3362 quis
431 3290 508 3348 euim
523 3288 647 3366 puellam
662 3300 741 3348 extro
753 3289 872 3348 domum
886 3299 1031 3367 paternam
1042 3291 1097 3349 sibi
1117 3300 1321 3358 occurrentem,
1332 3290 1361 3348 in

274 3409 309 3450 eo
315 3388 379 3448 loeo
389 3387 521 3458 detineat,
535 3389 630 3448 nullus
639 3389 747 3449 dubitat
759 3390 829 3463 quin
841 3391 879 3448 sit
891 3401 986 3467 raptus
1000 3390 1136 3448 dirimens
1145 3390 1360 3458 ,matrimonium

276 3531 360 3548 .....
371 3489 516 3549 Pariter..
531 3531 576 3548 ...
591 3489 616 3548 si
627 3489 721 3567 puella
734 3491 762 3548 in
776 3491 893 3568 propris
903 3488 989 3550 domo
1002 3489 1172 3557 obsideatur,
1184 3491 1221 3548 ita
1234 3501 1265 3548 ut
1282 3490 1360 3548 exire

272 3605 329 3644 non
344 3586 443 3654 valeat,
459 3587 540 3646 adeat
553 3607 618 3647 vere
631 3599 737 3666 raptus,
749 3591 816 3662 quia
829 3600 959 3650 censetur
980 3609 1043 3648 esse
1057 3590 1086 3649 in
1097 3608 1182 3648 manu
1197 3591 1261 3668 ejus
1281 3590 1362 3667 eujus

271 3681 403 3738 satellites
430 3682 546 3742 domurn
572 3680 752 3746 obsident.''²
792 3689 935 3748 Ceterum
963 3709 1050 3764 quum
1077 3690 1205 3767 theologi
1232 3689 1361 3766 plerique

271 3784 378 3838 motum
398 3794 414 3834 e
434 3777 498 3835 loco
519 3781 548 3838 in
574 3781 670 3840 loeum
697 3785 823 3860 exigant,
847 3789 897 3863 qui
918 3790 1002 3848 etiarn
1029 3791 1092 3866 ipsa
1117 3807 1187 3848 voee
1207 3788 1361 3865 significari

270 3876 391 3946 videtur,
404 3877 539 3957 theologo
559 3878 668 3939 erudito
688 3885 820 3942 assentiri
840 3885 1013 3957 dubitamus,
1035 3898 1224 3966 putemusque
1247 3887 1361 3946 aliunde

270 3979 470 4040 infirmandum
484 3981 790 4056 essegmatrimonium:
806 4004 841 4042 v:
857 4004 894 4064 g:
909 3989 982 4046 exui
994 3988 1081 4055 illata,
1092 3999 1224 4061 metuque
1233 3988 1359 4053 inousso;

269 4079 507 4156 quandooumque
533 4091 627 4140 motus
653 4083 794 4142 violentus
820 4086 924 4147 eloco
950 4107 1008 4146 non
1032 4086 1190 4146 ostenditur
1215 4086 1357 4145 evenisse.

271 4178 400 4238 Necesse
422 4193 514 4240 autem
540 4201 597 4242 non
617 4193 661 4240 est
684 4194 717 4243 ut
736 4203 871 4262 magnum
891 4187 929 4244 sit
949 4187 1078 4246 loeorum
1100 4186 1288 4254 intervallum,
1302 4183 1355 4242 sed

559 4403 601 4468 (l)
621 4401 686 4451 Ssas.
698 4403 765 4453 xxiv.
776 4419 829 4468 esp.
840 4405 872 4454 ri.
882 4404 911 4457 de
927 4404 981 4476 Res.
994 4405 1069 4461 Matr.

556 4487 599 4552 (a)
618 4484 657 4536 os
669 4485 903 4540 Mattianum.
