3124 5168
153 538 155 542 ’
263 580 301 634 so
520 573 577 633 us
598 573 864 636 russrmous
885 575 1097 637 srrrrsur.

691 1081 832 1142 CAPUT
854 1083 924 1142 Vll.

598 1297 637 1336 DE
658 1297 840 1341 lTERATloNE
861 1299 1009 1340 nmrsrsr.

302 1461 352 1515 ta.
374 1457 540 1535 Baptismus
555 1456 644 1514 semel
657 1455 750 1516 valide
764 1459 882 1517 collatus
897 1477 913 1514 a
925 1476 1117 1530 quocumque,
1131 1457 1231 1529 nequit
1244 1456 1349 1527 absque

263 1556 411 1634 sacrilegio
434 1555 545 1622 iterari;
573 1555 695 1627 ideoque
722 1558 824 1616 restitit
846 1558 878 1616 S.
907 1556 1071 1634 Stephanus
1098 1557 1131 1614 S.
1153 1555 1303 1631 Cypriano
1323 1563 1352 1609 et

263 1655 407 1732 episcopis
421 1654 564 1712 Africanis
572 1655 780 1730 baptizantibus
789 1658 891 1715 iterum
904 1675 954 1714 eos
965 1657 1015 1728 qui
1024 1657 1059 1714 ab
1069 1655 1207 1714 hereticis
1218 1653 1351 1728 baptizati

263 1755 382 1812 suerent.
425 1754 501 1813 Atei
522 1753 664 1810 dubitetur
682 1763 775 1813 utrum
789 1757 854 1827 quis
874 1755 1033 1831 baptizatus
1047 1755 1140 1822 suerit,
1155 1760 1220 1829 post
1234 1750 1352 1824 inquisi-

264 1854 370 1911 tionem
384 1852 558 1930 diligentem,
572 1852 732 1928 bsptizatur
745 1854 797 1912 sub
805 1851 982 1922 conditione,
997 1862 1080 1928 prout
1088 1853 1177 1930 jussit
1189 1847 1352 1908 Alexander

262 1951 318 2011 111.
333 1951 410 2024 quod
424 1970 498 2009 anno
518 1951 630 2008 circiter
641 1955 713 2021 745,
728 1951 760 2008 S.
781 1951 958 2018 Bonifacius,
973 1950 1205 2027 archiepiscopus
1226 1949 1352 2024 Mogun·

261 2051 346 2118 tinus,
362 2052 391 2108 in
405 2050 464 2108 suis
476 2050 589 2108 statutis
598 2050 660 2126 jam
682 2044 871 2108 decreverat.¹
911 2049 993 2108 Idem
1006 2049 1039 2105 fit
1050 2050 1075 2106 si
1094 2048 1237 2106 dubitetur
1255 2058 1350 2103 utrum

261 2148 313 2204 rite
333 2157 464 2224 peractus
484 2149 522 2205 sit
541 2149 709 2223 baptismus,
729 2158 785 2206 ‘ne
799 2149 862 2206 talis
882 2146 1019 2206 dubitatio
1039 2148 1121 2206 ruins
1139 2145 1271 2203 fidelibus
1291 2144 1351 2209 fiat,

263 2247 397 2318 quoniam
408 2265 467 2305 non
481 2256 652 2305 monstratur
660 2248 801 2315 iteratum,
813 2246 890 2321 quod
900 2264 958 2305 non
971 2248 1055 2304 certis
1070 2245 1182 2304 indiciis
1196 2242 1353 2302 ostenditur

261 2344 313 2402 rite
324 2339 519 2422 peractum.”²
553 2344 632 2402 Hinc
646 2346 824 2422 baptizantur
834 2347 894 2422 jam
905 2345 1099 2422 plerumquea
1112 2344 1198 2402 sectis
1212 2341 1350 2407 conversi,

263 2444 319 2502 nisi
344 2441 420 2502 certb
447 2453 558 2503 constet
576 2463 626 2502 eos
652 2446 704 2502 rite
726 2446 789 2521 jam
808 2445 964 2521 baptizatos
984 2463 1068 2503 esse:
1090 2462 1155 2503 nam
1177 2442 1351 2518 gravissima

262 2543 385 2600 rationes
405 2541 552 2600 dubitandi
571 2552 731 2608 occurrunt,
747 2561 835 2614 quum
856 2542 970 2618 plurimi
984 2559 1085 2614 squam
1098 2541 1198 2600 leviter
1214 2540 1350 2617 injiciant,

262 2650 291 2698 et
310 2641 439 2716 plerique
459 2642 544 2697 ritum
564 2641 707 2698 incuriose
728 2649 874 2716 peragant,
889 2639 997 2697 nullum
1018 2641 1150 2698 virtutem
1164 2639 1193 2696 in
1207 2656 1242 2696 eo
1256 2640 1351 2696 inesse

262 2747 460 2813 agnoscentes.
503 2735 648 2794 Ceterum
670 2739 773 2796 iterum
795 2737 981 2813 baptizandus
1002 2756 1061 2796 non
1084 2737 1166 2804 soret,
1188 2737 1273 2794 etiarn
1297 2736 1350 2792 sub

264 2835 436 2902 conditione,
452 2835 502 2907 qui
522 2835 551 2891 in
572 2833 665 2892 adulta
685 2844 765 2895 aetate
785 2836 955 2912 baptizatus,
969 2837 1132 2894 meminerit
1150 2836 1221 2894 ritus
1242 2836 1351 2910 integre

262 2935 378 3009 peracti,
394 2934 440 2991 vel
454 2951 539 3007 quem
554 2935 632 2992 testis
645 2932 767 2992 indubie
781 2933 848 2994 fidei
861 2934 985 2994 declarat
998 2935 1086 2993 suisss
1099 2936 1151 2992 rite
1164 2935 1349 3011 baptizatum,

263 3033 309 3091 vel
334 3035 384 3108 qui
410 3032 478 3091 alias
496 3023 631 3092 ¹noscitur
656 3033 829 3111 baptismum
855 3034 1028 3111 suscepisse.
1083 3034 1149 3092 Nec
1174 3031 1350 3109 exigendum

263 3132 429 3209 plerumque
443 3141 515 3190 esta
534 3135 681 3191 conversis
694 3143 724 3190 ut
744 3134 916 3208 baptismum
937 3135 1038 3192 iterum
1056 3132 1205 3209 recipiant,
1219 3132 1245 3188 si
1265 3131 1347 3206 ipsis,

262 3241 347 3288 sectae
361 3233 408 3289 cui
428 3230 606 3290 adhaeserant
617 3249 729 3290 morum
745 3233 851 3309 optime
871 3233 1006 3300 consciis,
1020 3250 1192 3308 persuasum·
1202 3231 1239 3288 sit
1251 3247 1282 3287 se
1296 3229 1348 3286 rite

262 3329 419 3404 baptizatos
432 3329 531 3386 fuisse.
830 3337 832 3342 ’

301 3430 351 3486 44.
372 3427 498 3486 Infantes
513 3430 648 3505 expositi,
659 3430 771 3488 etiamsi
786 3431 919 3507 baptismi
927 3432 1060 3508 privatim
1075 3430 1169 3488 collati
1182 3429 1349 3487 schedulam

263 3527 363 3593 serant,
391 3529 444 3585 sub
471 3527 635 3585 conditione
661 3529 830 3602 plerumque
855 3530 1034 3605 baptizantur
1055 3528 1176 3584 iterum:
1199 3546 1252 3584 neo
1272 3528 1350 3585 enim

262 3624 369 3681 incerto
389 3625 553 3682 testimonio
573 3623 607 3682 de
628 3642 658 3681 re
678 3626 747 3682 tanti
767 3627 904 3683 momenti
924 3626 1069 3684 fidendum
1090 3632 1149 3681 est:
1172 3633 1191 3660 ‘⁶
1203 3623 1350 3693 Placuit,'’

263 3722 356 3792 inquit
375 3722 531 3780 concilium
557 3721 785 3799 carthaginense
811 3723 865 3782 Vl.
889 3725 954 3782 “de
976 3722 1139 3790 infantibus,
1160 3724 1270 3793 quoties
1292 3740 1350 3783 non

262 3820 444 3880 inveniuntur
457 3822 607 3879 certissimi
620 3831 716 3890 testes,
725 3825 775 3894 qui
789 3841 839 3881 eos
852 3824 1011 3899 baptizatos
1025 3840 1089 3881 esse
1100 3823 1163 3880 sine
1177 3821 1349 3882 dubitatione

264 3929 408 3988 testentur,
422 3939 516 3993 neque
535 3922 592 3997 ipsi
606 3931 673 3980 sunt
686 3921 782 3981 idonei
796 3921 831 3980 de
844 3922 952 3980 traditis
966 3922 1022 3980 sibi
1035 3923 1220 3982 sacramentis
1233 3941 1350 4000 respon·

263 4021 338 4089 dere,
353 4023 460 4094 absque
478 4020 536 4079 ullo
556 4021 691 4098 scrupulo
711 4039 761 4080 eos
781 4041 845 4080 esse
865 4021 1060 4098 baptizandos,
1075 4039 1112 4078 ne
1126 4022 1181 4082 ista
1200 4022 1349 4099 trepidatio

264 4138 314 4178 eos
325 4121 410 4180 saciat
420 4129 660 4179 sacramentorum
674 4123 841 4199 purgatione
852 4113 982 4198 privari.³
1022 4122 1108 4189 Quod
1122 4124 1175 4181 “si
1186 4141 1244 4181 nou
1253 4123 1351 4180 lateret

263 4221 311 4291 qui
326 4221 482 4279 chartulam
502 4221 663 4296 scripserat,
678 4220 828 4295 eidemque
846 4220 918 4280 fides
933 4229 992 4281 tuto
1012 4222 1140 4298 praestari
1160 4229 1267 4298 posset,
1282 4227 1348 4276 tnnc

299 4419 341 4484 (l)
361 4417 423 4482 tlsp.
435 4419 460 4468 it
472 4419 500 4469 de
512 4419 580 4487 bapt.
852 4422 894 4487 (2)
913 4421 940 4470 S.
951 4420 1025 4484 (ἕως.
1037 4423 1072 4471 Μ.
1084 4423 1100 4472 l.
1111 4421 1154 4471 xii.
1165 4421 1233 4486 epist
1243 4421 1312 4471 xxxi.

297 4504 339 4569 (3)
359 4501 421 4567 Gap.
434 4501 543 4558 Placuit.
554 4506 609 4555 dist.
621 4506 652 4556 iv.
664 4505 694 4558 de
705 4522 809 4560 conseo.
821 4513 846 4556 ct
857 4507 883 4557 in
894 4507 986 4558 collect.
997 4507 1074 4557 Hsrd.
1085 4517 1143 4558 tona
1155 4507 1171 4558 i.
1182 4507 1227 4557 ool.
1240 4509 1298 4559 987.
