3124 5168
273 561 310 616 14
566 555 624 619 DE
645 553 830 616 DOTIBUS
850 553 1056 616 MINIS'I'RI.

310 720 673 796 2⁵.Exttitua1is‚que
697 721 775 798 prius
798 721 986 790 laudavimus,
1012 722 1117 788 verbis,
1141 728 1217 798 patet
1240 721 1360 780 omuino

270 820 407 900 expedire
419 830 451 880 ut
463 831 670 880 sacramentum
686 820 894 880 ministraturus
908 829 1025 898 peecata
1038 821 1141 892 quibus
1154 819 1279 879 irretitur
1292 839 1359 880 ecn-

270 919 397 988 fiteatur3
416 929 548 979 caeterum
563 920 641 979 nulla
653 919 716 998 lege
731 918 777 977 rel
791 919 858 988 Dei,
873 920 919 978 vel
932 918 1084 985 Ecclesia,
1099 917 1169 976 illud
1183 929 1358 996 praeceptum

270 1021 414 1089 novimus,
434 1020 489 1078 nisi
511 1020 627 1092 quando
648 1018 683 1078 de
705 1018 884 1077 conficienda
903 1019 947 1076 vel
971 1017 1155 1093 suscipienda
1176 1017 1360 1076 Eucharistia

270 1119 384 1196 agitur(
415 1118 494 1176 Hine
521 1118 649 1195 plerique
675 1117 802 1196 theologi
828 1118 982 1194 opinantur
1005 1116 1137 1176 sufficere
1160 1116 1359 1176 contritionem

269 1218 452 1296 probabiliter
465 1218 655 1276 existimatam
671 1216 706 1275 ad
720 1235 754 1274 ea
767 1211 978 1275 ministranda.l

309 1319 360 1376 26.
381 1316 441 1374 Tot
453 1316 556 1392 patrari
571 1325 686 1392 peccata
700 1324 769 1388 quot
789 1315 905 1392 indigne
925 1316 1120 1374 ministrantur
1133 1323 1308 1373 sacramenta
1321 1333 1358 1376 ex

274 1415 397 1488 hisquae
412 1413 549 1484 diximus,
565 1414 705 1474 deducere
726 1433 849 1491 pronum
864 1423 923 1472 est:
942 1424 1036 1472 tamen
1052 1412 1359 1487 quanchucharistia

269 1514 397 1591 pluribus
421 1514 507 1572 simul
531 1512 718 1581 distribuitur,
737 1515 853 1572 unicum
878 1522 1037 1591 agnoscunt
1059 1521 1208 1589 peccatum
1230 1513 1357 1590 theologi

268 1614 398 1673 nonnulli
413 1613 600 1690 probabilius,
614 1623 647 1671 ut
659 1613 692 1670 S.
707 1611 860 1689 Alphonso
874 1612 994 1680 videtur,
1008 1613 1046 1671 ob
1059 1613 1200 1670 rationem
1220 1613 1356 1679 convivii,

269 1731 355 1786 quam
382 1711 536 1789 praeseiert.
586 1710 665 1770 ldem
687 1715 955 1771 nonnemoasserit
975 1711 1010 1770 de
1032 1710 1209 1770 absolutione
1228 1710 1357 1787 pluribus

269 1813 342 1871 serie
365 1829 423 1870 non
450 1811 606 1886 interrupta
633 1810 785 1886 impertita,
808 1810 886 1883 quod
912 1820 1008 1870 umen
1035 1809 1083 1868 alii
1107 1829 1213 1888 magno
1236 1827 1356 1868 numero

268 1921 384 1989 negant,
405 1911 473 1984 quia
492 1909 612 1988 singula
633 1909 825 1968 absolutiones
848 1921 914 1968 sunt
933 1909 1046 1986 singula
1067 1918 1260 1977 sacramentaa
1283 1927 1358 1969 nova

269 2009 375 2085 quippe
395 2017 424 2066 et
446 2027 463 2065 a
486 2027 517 2066 se
539 2009 660 2066 invicem
682 2007 814 2066 distincta
836 2007 946 2085 judicia
964 2009 1179 2067 sacramentalia
1198 2008 1279 2066 fiunt.
1322 2007 1356 2065 Si

268 2116 362 2164 autem
388 2105 601 2165 confessionem
629 2105 739 2164 audiret
764 2106 898 2164 sacerdos
919 2125 953 2165 eo
978 2107 1074 2166 animo
1094 2115 1126 2166 ut
1146 2107 1356 2167 absolutionem

268 2204 383 2264 nonnisi
403 2205 539 2263 contritus
560 2205 761 2281 impertiretur,
781 2207 962 2263 communior
981 2215 1010 2263 et
1028 2206 1197 2282 probabilior
1216 2205 1357 2262 sententia

267 2323 333 2363 eum
353 2321 412 2362 non
432 2321 551 2379 peecare
572 2303 684 2372 asserit,
703 2321 792 2376 quum
813 2313 1021 2364 sacramentum
1043 2305 1156 2365 nonnisi
1179 2303 1355 2363 absolvendo

268 2404 409 2464 conficiat.

307 2509 357 2564 27.
380 2504 509 2563 Fuerunt
523 2502 653 2562 nonnulli
667 2505 716 2578 qui
731 2504 937 2564 ministrantem
962 2502 1172 2562 Eucharistiam
1196 2505 1226 2562 in
1244 2503 1355 2562 mortali

268 2620 325 2661 non
340 2619 458 2678 peccare
475 2600 670 2670 defenderent,
685 2621 723 2662 ex
743 2621 779 2662 eo
793 2601 870 2676 quod
890 2610 1097 2659 sacramentum
1111 2618 1169 2658 non
1183 2603 1354 2660 conficeret:

268 2710 399 2758 caeterum
415 2700 499 2777 longe
513 2700 687 2778 probabilior
708 2703 849 2761 rationum
868 2699 1005 2776 pondere,
1019 2708 1049 2757 et
1064 2699 1227 2757 auctoritate
1242 2699 1357 2759 videtur

267 2798 519 2858 contradicentium
537 2800 694 2858 sententia:
718 2799 835 2859 Christo
855 2799 932 2858 euim
953 2798 1054 2876 ingens
1073 2815 1142 2856 sane
1163 2797 1267 2875 injuria
1285 2798 1357 2858 irro-

267 2906 357 2975 gutur,
366 2897 479 2972 quando
489 2897 607 2956 Sacrum
618 2899 680 2976 ejus
690 2898 1071 2976 Corpuscontreotatservus
1080 2897 1356 2974 diaboli,ipsumque

267 2997 303 3056 ad
326 2998 445 3056 aliomm
471 2997 722 3058 sanctificationem
748 2998 848 3058 tradit:
883 2997 946 3056 “Si
972 2997 1084 3056 homini
1109 2997 1233 3072 peccatis
1258 3005 1354 3056 conta-

265 3097 404 3166 minatc‚'’
425 3099 517 3172 inquit
545 3095 747 3158 catechismus
778 3093 953 3164 Romanus,²
974 3097 1098 3154 “minus
1121 3095 1188 3154 licet
1211 3096 1247 3154 de
1269 3096 1354 3153 rebus

266 3197 372 3256 divinis
387 3215 482 3273 agere,
497 3205 634 3269 quantum
649 3199 684 3255 ab
698 3215 733 3253 eo
747 3196 842 3252 scelus
856 3195 972 3270 concipi
985 3193 1208 3252 existimandum
1227 3195 1289 3262 erit,
1304 3195 1355 3267 qui

266 3295 322 3352 sibi
344 3294 496 3352 multorum
522 3294 660 3354 scelerum
684 3293 818 3353 conscius
840 3303 901 3362 est;
927 3311 981 3351 nec
1003 3301 1098 3352 tamen
1119 3311 1198 3352 sacra
1218 3293 1355 3370 mysteria

265 3391 375 3470 polluto
403 3411 451 3451 ore
478 3392 629 3462 conficere,
650 3395 697 3453 vel
719 3394 749 3452 in
776 3391 867 3452 soedas
895 3412 997 3453 manns
1025 3411 1148 3460 sumere,
1170 3401 1353 3459 contrectare,

266 3501 350 3564 atqua
364 3492 426 3550 aliis
438 3494 585 3572 porrigere
598 3489 628 3550 el
640 3494 800 3550 ministrare
814 3501 942 3549 vereatur
953 3491 986 3546 l''
1030 3490 1110 3550 Hine
1131 3501 1250 3564 quatuor
1270 3491 1355 3548 sacri-

265 3590 340 3666 legia
359 3591 389 3647 in
409 3589 494 3646 unica
512 3590 668 3664 peccatoris
691 3589 785 3646 Missa
804 3589 932 3664 agnoseit
952 3587 985 3645 S.
998 3589 1176 3666 Alphonsus,
1191 3591 1301 3648 scilicet
1313 3591 1355 3646 in·

265 3687 380 3764 dignam
404 3685 624 3754 confectionem,
646 3695 675 3745 et
693 3687 917 3763 susceptionem,
941 3686 1086 3765 indignam
1107 3689 1355 3750 etiam-ministra·

265 3787 383 3852 tionem,
398 3791 499 3862 praeter
512 3784 582 3845 illud
597 3784 761 3863 porrigendi
775 3795 981 3846 sacramentum
997 3787 1126 3864 indigno.

304 3891 354 3946 28.
376 3885 510 3962 Tangere
525 3894 733 3944 sacramentum
751 3885 925 3953 immediate,
941 3887 986 3943 vel
999 3885 1131 3954 mediate,
1146 3888 1229 3944 etiam
1245 3905 1352 3946 eonon

264 3984 460 4054 ministrando,
476 3983 527 4043 sed
546 3994 653 4044 tantum
672 3984 811 4062 gestando
832 3985 861 4042 in
881 3987 1077 4062 processione,
1092 3986 1137 4043 vel
1157 3985 1353 4045 benedictione

158 4069 160 4074 ¹
241 4081 242 4084 ’
265 4083 462 4164 impertienda,
481 4084 568 4158 aliqui
587 4093 688 4162 putant
707 4101 824 4162 gravem
844 4102 909 4142 esse
929 4083 1053 4159 eulpam,
1068 4085 1093 4142 si
1114 4095 1234 4162 tangens
1255 4085 1354 4144 lethali

164 4189 167 4194 ’
265 4195 381 4260 peceato
407 4186 559 4245 irretiatur.
601 4183 704 4242 Plures
732 4193 827 4242 tamen
855 4182 1045 4243 assentiuntur
1069 4182 1205 4243 Suaresio
1225 4183 1351 4243 dicenti:

265 4281 371 4341 “Cum
387 4285 449 4344 aliae
463 4286 591 4344 actiones
602 4292 704 4362 praeter
717 4290 903 4350 sacramenta,
916 4299 974 4341 non
985 4281 1042 4340 sint
1052 4282 1087 4340 ad
1098 4283 1353 4342 sanctificationem

385 4497 717 4564 (¹tS·A1nh·1·vi·n·³4.
964 4502 1010 4568 (a)
1030 4499 1233 4551 enatato.
1269 4481 1274 4492 '
