3124 5168
527 1316 857 1394 TRAOTATUS
899 1318 1028 1394 XVII.

476 1579 546 1640 DE
591 1579 1089 1644 CONFIRMATIONE.

277 2119 303 2173 l.
326 2114 514 2176 Confirmatio
535 2127 579 2175 est
598 2127 806 2175 sacramentum
824 2138 840 2174 a
859 2116 976 2175 Christo
995 2117 1162 2184 institutum,
1177 2135 1235 2190 quo
1257 2117 1325 2195 bap-

236 2215 314 2272 tizati
326 2216 490 2274 muniuntur
503 2216 594 2274 divini
607 2216 732 2290 Spiritus
747 2217 835 2292 gratia
846 2216 880 2273 ad
893 2215 980 2274 fidem
993 2217 1111 2275 firmiter
1122 2217 1285 2286 tenendam,
1296 2227 1326 2275 et

235 2313 343 2372 fortiter
355 2314 554 2390 profitendam.
595 2313 716 2370 Materia
729 2313 791 2388 ejus
806 2323 849 2370 est
862 2315 1018 2372 “chrisma
1031 2315 1193 2373 confectum
1207 2335 1245 2374 cx
1259 2317 1324 2374 oleo

236 2411 312 2484 quod
333 2414 455 2471 nitorem
473 2411 615 2488 significat
634 2411 829 2477 conscientie,
844 2420 873 2468 et
891 2411 1027 2479 balsamo,
1041 2411 1119 2484 quod
1137 2413 1254 2470 odorem
1268 2414 1325 2488 sig·

236 2511 332 2568 nificat
343 2513 426 2570 bonae
440 2511 533 2578 fame,
549 2527 600 2586 per
619 2510 790 2586 episcopum
804 2503 1002 2567 benedicto.”l
1041 2509 1210 2567 Balsamum
1226 2528 1325 2567 neces·

238 2611 342 2668 sarium
362 2612 481 2669 omnino
500 2628 565 2668 csse
586 2609 716 2685 plerique
729 2617 844 2684 putant3
865 2609 916 2666 sed
930 2616 1026 2666 contra
1040 2609 1167 2666 sentiunt
1183 2607 1325 2666 Jueninus

236 2719 265 2766 et
283 2708 340 2776 alii,
351 2727 472 2782 quorum
491 2718 585 2766 tammr
606 2709 755 2776 sententia,
771 2707 838 2764 licet
858 2707 1007 2784 probabili,
1021 2709 1063 2766 uti
1082 2727 1140 2766 non
1160 2727 1325 2784 possumus,

238 2825 326 2880 quum
345 2817 441 2884 agatur
461 2806 495 2864 de
515 2807 683 2864 sacramenti
702 2807 807 2864 valore.
849 2807 982 2866 Indicum
1003 2808 1162 2866 balsamum
1183 2808 1325 2874 sufficere,

240 2913 307 2982 post
320 2905 391 2962 alios
406 2904 488 2962 docet
501 2904 673 2963 Benedictus
691 2906 786 2972 xlv„
802 2907 860 2962 imo
873 2908 1079 2982 cujuscumque
1090 2907 1215 2983 regionis
1236 2908 1325 2964 balsa-

241 3020 321 3061 mum
341 2995 474 3071 sufficit‚²
488 3005 570 3080 juxta
587 3004 619 3062 S.
635 3004 828 3079 Alphonsum,
853 3002 968 3059 “modo
982 3003 1062 3060 sitin
1077 3022 1111 3060 ea
1129 3006 1283 3075 quantitate
1296 3013 1328 3060 ut

243 3102 348 3160 detsui
368 3098 533 3160 odorem-”³
574 3101 679 3161 Oleum
699 3103 782 3159 oliuae
802 3101 910 3172 requiri
923 3109 1043 3167 constat,
1057 3118 1114 3156 non
1128 3102 1209 3166 cetis,
1224 3101 1270 3157 vel
1290 3119 1327 3157 ex

238 3221 309 3275 aqua
322 3202 419 3259 cleosa
431 3211 599 3260 extractum.
642 3199 874 3258 Benedicendum
888 3217 952 3255 esse
964 3198 1063 3256 saltem
1076 3218 1091 3254 a
1104 3196 1249 3256 sacerdote
1261 3217 1328 3256 con·

238 3299 341 3358 cedunt
353 3318 470 3358 omnes:
487 3301 545 3358 imo
559 3317 596 3357 ex
611 3309 752 3376 precepto
766 3299 905 3356 Ecclesia
920 3296 1005 3354 debet
1018 3315 1082 3354 esse
1096 3297 1276 3356 benedictum
1291 3299 1326 3356 ab

239 3399 385 3476 episcopo.
429 3400 533 3456 Utrum
547 3397 707 3456 benedictio
722 3398 852 3473 episcopi
867 3397 1005 3472 pertineat
1019 3396 1052 3452 ad
1067 3396 1220 3454 essentiam
1236 3415 1327 3454 saera·

239 3499 326 3556 menti
340 3498 529 3575 disceptatur:
546 3495 667 3554 affirmat
679 3495 711 3554 S.
727 3497 875 3563 Thomas3
891 3494 941 3551 sed
956 3503 1060 3570 negant
1071 3495 1251 3570 probabiliter
1264 3496 1323 3562 alii,

240 3615 324 3669 quum
339 3606 450 3656 constet
469 3594 632 3669 aliquando,
645 3594 711 3654 licet
723 3595 877 3662 rarissime,
889 3593 1050 3652 facultatem
1065 3594 1092 3652 ei
1112 3594 1298 3652 benedicendi
1313 3615 1329 3651 a

277 3809 318 3872 (l)
338 3807 432 3858 Deerat.
441 3824 485 3872 pro
497 3806 619 3856 Armenia.

276 3892 317 3954 (2)
337 3891 396 3940 Not
405 3893 513 3944 clxxxiii.
524 3893 551 3942 in
562 3893 603 3942 ier.
615 3909 637 3941 v.
649 3893 705 3958 maj.
716 3892 771 3942 bob.
783 3892 810 3942 S,
821 3891 926 3940 ireneus
945 3891 975 3939 dc
995 3891 1103 3940 balsamo
1123 3907 1138 3940 a
1149 3889 1328 3939 Valentinianis

242 3973 348 4024 adhibito
359 3976 464 4038 loquitur
476 3979 491 4026 i.
502 3978 535 4028 iii.
543 3995 564 4027 o.
577 3982 600 4026 2.
612 3977 638 4026 in
649 3977 714 4040 quod
725 3977 893 4027 animadvertit
902 3975 978 4034 wall,
989 3976 1157 4037 Anglicanus:
1170 3983 1185 4008 ⁴‘
1193 3974 1220 4022 N
1221 3981 1267 4032 otc,
1276 3973 1329 4021 thot

240 4057 289 4106 this
299 4057 321 4106 is
331 4058 373 4108 the
383 4059 435 4108 tirst
444 4063 552 4112 mention
563 4063 591 4111 oi
603 4062 692 4112 chriam
713 4063 766 4111 that
776 4062 797 4110 is
808 4079 857 4126 any
868 4061 949 4112 where
960 4060 1016 4109 read
1027 4060 1059 4108 of.
1094 4058 1153 4108 And
1164 4057 1230 4106 since
1241 4057 1253 4104 1
1264 4057 1327 4106 shall

241 4143 309 4192 shew
319 4145 441 4208 prosontly
452 4153 477 4194 at
487 4147 524 4196 ch.
536 4147 569 4196 ix.
580 4148 633 4196 that
643 4147 662 4195 it
673 4162 724 4196 was
735 4147 796 4196 used
806 4149 838 4210 by
858 4147 899 4196 the
918 4144 1042 4194 Catholios
1058 4144 1119 4192 from
1136 4141 1284 4190 testimonias
1304 4142 1332 4190 oi

240 4243 299 4278 noar
310 4227 351 4276 the
362 4243 429 4276 same
440 4228 494 4277 date
505 4245 531 4278 as
542 4230 590 4278 this
599 4248 606 4290 ς
623 4246 670 4278 one
681 4245 739 4293 may
750 4229 867 4278 conclude
878 4229 931 4277 that
941 4229 960 4276 it
978 4243 1047 4276 came
1058 4226 1119 4274 from
1129 4240 1197 4273 some
1208 4224 1326 4288 principle

238 4312 383 4377 universally
397 4312 504 4362 received
515 4315 547 4378 by
559 4315 591 4363 all
604 4313 747 4374 Christiana,
760 4312 872 4362 catholic
884 4329 911 4361 or
922 4309 1044 4360 Herebo-'⁹
1079 4309 1182 4378 Hiatory
1194 4309 1226 4379 os
1239 4308 1329 4378 Insunt

225 4386 364 4465 'sapiunt
376 4401 408 4464 by
422 4399 466 4448 w.
476 4399 552 4459 wau,
561 4415 586 4464 p.
595 4400 620 4450 n.
631 4399 670 4449 cu.
683 4416 708 4451 v.

275 4484 316 4549 (³)
335 4484 362 4532 Β.
373 4483 448 4548 Aipb.
460 4485 476 4533 1.
485 4484 516 4533 vi.
529 4499 555 4533 n.
568 4486 625 4535 lot.
