3172 5172
261 589 317 647 164
605 581 663 644 DE
685 581 995 642 OONFESSIONE.

253 756 319 833 ejus
339 752 434 812 foveat
459 751 527 810 vitia
552 749 641 810 nimie
660 749 846 828 indulgentia,
872 749 1003 808 consulto
1025 749 1200 822 quaesiverit,
1221 749 1292 811 adeo
1315 761 1346 812 ut

253 853 337 932 plane
353 851 473 911 voluerit
480 848 610 929 judicem
624 849 766 928 decipere,
781 850 828 908 vei
841 867 936 908 mores
948 867 1007 908 non
1017 847 1177 908 emendare.
1200 848 1345 911 Ceterum

253 950 329 1011 haud
354 951 436 1009 facile
463 949 685 1009 existimandum
712 959 755 1006 est
780 948 809 1006 id
835 948 949 1007 consilii
973 948 1072 1017 fuisse,
1105 966 1194 1020 quum
1214 949 1344 1026 plerique

254 1052 356 1110 anime
370 1050 490 1110 salutem
504 1049 534 1109 iu
547 1049 728 1109 confessione
741 1046 902 1126 peragenda
921 1057 1057 1120 quaerant,
1077 1048 1144 1107 licet
1165 1048 1262 1106 forsan
1280 1049 1345 1108 aite-

253 1169 318 1210 rum
344 1169 402 1228 prae
428 1150 527 1216 altero,
555 1149 682 1208 humano
708 1148 803 1226 potius
826 1145 939 1216 affectu,
963 1147 1093 1223 seligant.
1134 1146 1220 1225 Apud
1233 1149 1343 1209 socium

254 1250 365 1328 peccati
386 1249 476 1326 turpis
497 1247 643 1308 confessio
663 1247 793 1327 ejusdem
814 1247 887 1306 facta
906 1247 948 1306 nil
969 1247 1053 1306 valet.
1095 1246 1166 1306 Non
1186 1247 1262 1305 valet
1279 1267 1346 1307 con·

254 1349 343 1409 sessio
356 1349 382 1406 si
395 1356 543 1425 peccatum
558 1367 652 1426 grave,
674 1349 719 1407 vel
738 1348 851 1424 speeies
871 1347 989 1425 peccati,
1004 1347 1050 1405 vel
1064 1365 1199 1406 numerus
1213 1347 1344 1407 consulto

253 1448 414 1516 reticeatur,
428 1446 474 1505 vel
487 1449 512 1506 si
527 1446 706 1507 mendacium
720 1463 806 1524 grave
820 1447 1005 1524 proferatura
1018 1447 1183 1524 poenitente.
1225 1446 1344 1506 Menda-

253 1547 331 1607 cium
345 1547 374 1606 in
388 1547 569 1606 consessione
583 1547 724 1624 prolatum
747 1564 831 1624 grave
854 1546 1023 1623 plerumque
1042 1554 1096 1614 est,
1117 1545 1256 1620 quidquid
1269 1547 1344 1605 enim

254 1645 413 1706 necessarid
440 1646 640 1706 declarandum
666 1656 719 1715 cst,
746 1647 846 1719 nequit
865 1645 927 1704 sine
953 1647 1034 1722 gravi
1056 1657 1174 1721 peccato
1200 1645 1341 1722 denegari.

254 1747 346 1826 Igitur
358 1747 388 1805 in
402 1747 536 1805 omnibus
563 1764 626 1818 qnae
653 1764 738 1823 supra
757 1746 954 1804 recensuimus
975 1744 1010 1804 ad
1032 1743 1176 1823 judicium
1190 1745 1344 1805 sacerdotis

255 1845 413 1914 reserenda,
428 1845 609 1904 mendacium
625 1864 710 1922 grave
731 1854 784 1904 est.
826 1844 860 1903 In
881 1845 917 1905 iis
937 1843 1004 1903 verd
1018 1864 1082 1919 que
1096 1845 1192 1904 divina
1211 1844 1274 1922 lege
1288 1863 1345 1903 non

254 1947 408 2023 exiguntur
426 1943 603 2013 declaranda,
620 1944 800 2004 mendacium
822 1953 867 2002 est
884 1937 981 2004 lever¹
1002 1963 1037 2003 v:
1062 1963 1096 2021 gr
1118 1946 1144 2003 si
1165 1963 1227 2019 qua
1242 1943 1344 2002 mulier

254 2054 366 2106 etatem
379 2064 460 2104 suam
474 2056 638 2122 provectam
653 2043 804 2104 mendacio
817 2044 901 2114 celet,
915 2044 962 2104 vel
975 2045 1001 2102 si
1014 2042 1135 2120 deneget
1146 2061 1177 2100 se
1191 2042 1342 2101 admisisse

254 2147 373 2214 crimen,
387 2144 464 2218 quod
477 2144 526 2202 diu
540 2152 621 2202 antea
635 2145 800 2223 paenitentia
812 2145 986 2222 expiaverat,
1005 2145 1088 2202 venia
1106 2143 1136 2202 in
1150 2142 1280 2202 tribunali
1293 2141 1345 2199 im·

254 2253 372 2321 petrata.
414 2242 474 2318 Sed
487 2245 609 2320 graviter
627 2244 772 2313 mentitur,
787 2245 897 2320 peccati
917 2243 1152 2304 consuetudinem
1174 2261 1230 2316 qua
1242 2241 1347 2300 irretita

254 2352 349 2402 manet
361 2343 541 2422 denegando.

292 2448 343 2506 72.
364 2442 463 2502 Rudes
483 2443 622 2519 puerique
642 2443 690 2516 qui
714 2455 896 2520 peccatorum
917 2442 1096 2516 quorundam
1122 2442 1272 2509 malitiam,
1293 2457 1342 2497 seu

254 2543 476 2610 distinctionem,
490 2541 567 2601 haud
589 2543 657 2600 satis
681 2541 891 2609 intellexerunt,
912 2560 970 2601 non
994 2551 1060 2602 sunt
1079 2541 1145 2601 ideo
1165 2540 1286 2618 cogendi
1310 2536 1343 2596 ad

253 2641 421 2720 repetendas
442 2641 640 2700 consessiones
655 2641 728 2700 bona
750 2641 807 2698 fide
827 2639 925 2708 sactae,
948 2640 1180 2717 praesumendum
1204 2651 1248 2698 est
1266 2639 1344 2696 enim

253 2760 301 2798 eas
315 2740 455 2798 valuisse:
477 2738 530 2796 sed
542 2739 654 2814 species
668 2746 697 2796 et
709 2757 860 2797 numemm
873 2741 1013 2799 omissum
1026 2740 1128 2800 debent
1140 2739 1297 2816 explicare,
1312 2746 1344 2795 ut

252 2839 310 2916 legi
322 2835 476 2902 confitendi
495 2837 680 2897 satisfaciant.
722 2837 845 2905 Quando
865 2838 1067 2908 confessarius,
1089 2848 1210 2916 excepta
1230 2837 1342 2897 conses-

253 2939 336 2998 sione
358 2945 547 3014 peccatorum,
574 2936 609 2995 ab
628 2936 727 2996 ultima
749 2938 911 3014 poenitentis
931 2939 1122 3007 consessione,
1146 2937 1343 2997 animadvertit

254 3056 321 3096 eum
334 3055 393 3096 non
406 3038 589 3096 consuevisse
603 3046 785 3113 peccatorum
799 3055 949 3097 numerum
960 3048 988 3096 et
997 3040 1111 3116 species
1121 3040 1151 3098 in
1161 3037 1341 3097 confessione

253 3137 368 3206 referre,
394 3135 477 3195 debet
497 3155 563 3196 eum
585 3135 706 3196 edocere
732 3136 767 3194 de
787 3138 954 3196 necessitate
981 3139 1094 3216 singula
1119 3134 1292 3214 explicandi,
1314 3144 1342 3192 et

254 3239 349 3297 statim
369 3236 579 3296 accusationem
605 3255 704 3295 eorum
730 3235 839 3295 audire.
881 3238 956 3295 Satis
982 3246 1106 3297 nonest
1130 3246 1163 3295 ut
1187 3235 1341 3316 generatim

255 3345 340 3414 petat,
355 3345 450 3394 utrum
464 3353 497 3394 ea
517 3336 698 3395 feneratione
717 3353 768 3412 per
788 3346 830 3395 tot
848 3355 938 3396 annos
962 3338 1057 3396 vivere
1071 3337 1271 3404 consueverit;
1294 3331 1344 3392 sed

254 3435 434 3513 singulorum
447 3435 588 3494 accusatio
602 3434 731 3495 facienda
750 3445 803 3504 est,
824 3445 857 3494 ut
876 3435 934 3514 legi
954 3454 988 3494 ea
1001 3435 1164 3505 confitendi,
1179 3454 1265 3512 quam
1278 3434 1342 3492 hao-

254 3544 336 3593 tenus
351 3553 410 3594 non
422 3535 552 3610 implevit
564 3536 716 3613 poenitens,
731 3535 858 3595 satisfiat.

293 3637 343 3690 7³.
366 3634 425 3690 Pro
437 3631 534 3690 valore
548 3641 626 3692 aetus
646 3633 887 3710 presumendum,
908 3644 937 3694 et
958 3634 1024 3695 ideo
1044 3636 1239 3694 consessiones
1261 3633 1341 3690 factae

254 3727 391 3788 habenda·
405 3737 472 3788 sunt
484 3730 594 3800 valida,
618 3733 674 3791 nisi
694 3725 866 3791 contrarium
887 3744 1014 3794 constet:
1036 3743 1208 3812 quapropter
1220 3729 1342 3809 cogendi

254 3848 312 3890 non
325 3837 392 3888 sunt
404 3828 575 3906 poenitentes
598 3828 633 3887 ad
653 3830 793 3891 iterandas
806 3832 1002 3893 consessiones
1016 3834 1161 3894 bonafide
1174 3832 1270 3899 factas,
1284 3830 1342 3890 nisi

255 3939 366 3991 constet
379 3947 427 3988 eas
441 3947 505 3988 esse
519 3927 666 3988 invalidas.
693 3929 739 3988 De
754 3931 984 3992 confessionibus
997 3933 1186 3992 recidiverum
1200 3951 1235 3990 ea
1246 3929 1344 4008 regula

254 4030 376 4091 tenenda
397 4037 457 4098 est;
477 4029 503 4088 si
532 4030 625 4088 statim
656 4040 722 4106 post
742 4030 954 4091 confessionem
973 4033 1047 4110 lapsi
1076 4033 1188 4101 suerint,
1220 4031 1342 4107 pierum-

255 4148 310 4201 que
323 4131 521 4190 confessiones
534 4129 685 4188 censendae
705 4139 771 4189 sunt
783 4130 927 4199 invalidae,
949 4140 1047 4208 utpote
1060 4133 1091 4190 in
1105 4131 1208 4206 quibus
1222 4130 1304 4190 dolor
1316 4137 1343 4185 et

254 4231 432 4306 propositum
452 4229 578 4298 deerant,
599 4230 648 4303 qui
669 4230 746 4289 enim
766 4230 852 4299 dolet,
876 4240 965 4290 certat
983 4230 1119 4290 adversus
1146 4231 1340 4295 tentationem,

253 4343 306 4386 nec
319 4328 402 4389 facile
416 4329 507 4390 cedit:
529 4339 657 4390 econtm
670 4330 718 4388 ubi
731 4331 795 4404 quis
809 4340 874 4408 post
892 4331 1106 4392 confessionem
1129 4330 1178 4390 diu
1199 4328 1342 4394 restiterit,

440 4545 483 4610 (l)
502 4546 566 4597 Vide
577 4548 686 4598 Antoine
696 4548 726 4600 de
738 4549 827 4601 Pocuit.
838 4557 881 4601 ert.
893 4549 918 4602 ii.
930 4567 971 4616 qu.
982 4549 1033 4600 xiii.
1044 4549 1116 4615 Resp.
1128 4551 1152 4598 2.
