3108 5162
468 541 526 602 DE
548 542 724 604 NATURA
743 541 1021 604 MATRIMONII.
1230 550 1290 609 299

193 709 374 790 juxtaleges,
386 716 554 788 potestatem
566 710 598 770 in
611 709 793 768 matrimonia
806 717 940 786 tyronum
953 728 1081 780 suorum,
1091 720 1120 770 et
1130 710 1178 770 alii
1188 729 1290 771 omnes

198 811 303 884 quihus
324 810 511 870 iustmmento
532 808 581 868 alii
606 819 674 867 sunt
698 807 836 884 adscripti
852 806 944 868 donec
964 808 999 868 ad
1019 819 1129 870 aetatem
1148 819 1289 870 maturam

197 908 390 986 pervenerint.

235 1012 285 1067 42.
306 1005 446 1066 Sacerdos
459 1025 540 1067 suam
556 1013 692 1083 praestans
706 1024 824 1082 operam
838 1005 1031 1077 filiofamilias,
1041 1007 1088 1067 cui
1098 1001 1289 1087 pater'injuste

198 1107 364 1184 refragatur,
374 1107 419 1164 vcl
431 1108 536 1183 tyroni,
551 1105 597 1164 vel
611 1105 658 1164 alii
668 1105 732 1182 lege
743 1105 876 1192 obligato,
891 1107 1049 1192 obnoxium
1058 1126 1090 1166 se
1100 1107 1168 1166 facit
1177 1107 1290 1168 mulcta

193 1207 283 1283 gravi,
294 1225 311 1264 a
323 1225 380 1279 qua
392 1206 529 1267 Immunis
543 1223 601 1264 uon
611 1204 740 1273 habetur,
751 1205 819 1262 licet
828 1203 964 1282 deceptus
980 1206 1090 1265 suerita
1100 1207 1289 1267 contrahenti·

194 1306 260 1373 bus,
273 1305 320 1364 vel
332 1305 469 1364 testibus:
485 1303 536 1364 sed
556 1322 618 1362 eam
639 1303 750 1363 solvere
770 1303 890 1380 cogitur,
905 1323 992 1378 quam
1014 1305 1151 1383 deinceps
1175 1307 1286 1366 actione

194 1403 273 1464 civili
286 1405 317 1463 in
327 1403 510 1485 deceptorem
524 1403 626 1481 poterit
639 1418 816 1486 recuperare.

574 1683 669 1754 §.1v.
710 1682 758 1743 Da
780 1701 921 1744 vinomo.

237 1906 286 1961 43.
309 1901 403 1963 Docet
415 1900 582 1961 Bonifaeius
596 1903 681 1962 VIII.
697 1902 775 1975 quod
796 1905 997 1964 “matrimonii
1009 1907 1155 1970 vinculum
1168 1908 1203 1966 ab
1224 1909 1289 1985 ipso

195 1997 335 2061 Ecclesia
347 1999 505 2061 Conditore
519 2003 614 2078 ipsum
629 2004 659 2061 in
670 2001 812 2079 paradiso,
827 2011 856 2060 et
868 2003 897 2061 iu
908 2013 980 2064 statu
995 2006 1164 2066 innocentiae
1178 2008 1291 2066 institu-

194 2111 269 2171 ente,
284 2101 421 2162 unionem
434 2100 749 2161 etindissolubilitatem
763 2097 955 2180 acceperit.”l
987 2105 1105 2164 Naturae
1115 2107 1291 2165 matrimonii

194 2201 325 2277 congruit
337 2208 368 2258 ut
389 2208 560 2277 perpetuum
573 2201 611 2259 sit
630 2201 786 2270 vinculum,
801 2211 830 2260 et
850 2202 977 2273 unicum,
991 2222 1049 2277 quo
1069 2214 1152 2282 pacto
1173 2201 1289 2264 mutuus

193 2297 311 2358 fovetur
320 2316 411 2367 amur,
425 2309 454 2357 et
466 2300 541 2377 proli
553 2301 721 2359 consulitur.

233 2400 283 2456 44.
304 2397 486 2474 Polygamia,
501 2417 552 2458 seu
562 2400 686 2475 plurium
699 2417 822 2458 uxorum
834 2401 1011 2460 consortium
1023 2401 1058 2459 ab
1064 2402 1145 2460 initio
1155 2421 1213 2461 nou
1222 2403 1286 2471 suit,

195 2493 258 2565 sed,
266 2495 413 2556 Lamacho
424 2507 547 2567 auctore,
557 2498 673 2558 inducta
685 2507 738 2567 est,
749 2507 778 2556 et
788 2507 888 2576 postea
901 2498 1289 2560 Deosanoieuteobhumani
1368 2515 1369 2520 ’

192 2596 305 2674 generis
340 2597 587 2674 propagationem,
614 2598 772 2674 prasertim
799 2597 867 2657 verd
894 2600 996 2676 populi
1022 2599 1116 2667 electi,
1143 2601 1283 2660 invaluit:

193 2693 302 2755 Christi
316 2694 382 2755 verd
397 2697 562 2756 auctoritate
575 2698 685 2758 sublata
697 2699 811 2770 estqui
825 2699 991 2776 conjugium
1002 2699 1036 2757 ad
1050 2717 1131 2758 suam
1145 2701 1287 2778 originem

190 2795 349 2854 revocavit:
372 2804 392 2832 “
403 2805 486 2856 erunt
503 2795 561 2856 duo
574 2797 604 2856 iu
618 2814 702 2856 carne
715 2789 822 2854 uua.''²
862 2797 980 2876 Optime
994 2799 1287 2860 animadvertitluno·

191 2894 302 2952 centius
313 2893 369 2952 III.
385 2902 405 2930 ‘⁶
416 2913 475 2955 uon
488 2893 561 2953 dixit
574 2905 642 2964 tres,
656 2894 702 2953 vel
716 2895 823 2972 plures,
839 2897 891 2956 sed
903 2896 977 2958 duo:
990 2916 1043 2957 nec
1056 2899 1146 2958 dixit:
1162 2899 1287 2960 adhaere·

190 2991 233 3050 bit
244 2991 393 3060 uxoribus,
407 2991 460 3052 sed
473 2986 606 3052 uxori.’'³
626 2995 676 3052 stc
689 2995 775 3053 etiam
790 2995 844 3054 sert
863 3007 999 3073 perpetua
1013 2998 1153 3056 Ecclesia
1174 2998 1286 3058 traditio

191 3088 426 3172 etconsuetudo,
446 3103 620 3170 quapropter
640 3095 795 3153 concilium
818 3094 1022 3154 Tridentiuum
1043 3095 1186 3154 decrevit:
1222 3099 1287 3155 “Si

193 3189 258 3262 quis
283 3185 387 3248 dixerit
405 3190 492 3249 licere
515 3191 677 3268 christianis
700 3192 796 3270 plures
819 3194 906 3252 simul
923 3193 1029 3276 habere
1050 3213 1167 3262 uxores,
1182 3205 1210 3252 et
1231 3194 1287 3254 hoc

191 3286 274 3346 nulla
285 3287 351 3367 lege
364 3287 460 3349 divina
472 3308 537 3349 esse
557 3291 743 3368 prohibitum,
758 3293 909 3352 anathema
922 3289 1009 3350 sit.”⁴
1048 3293 1194 3366 Equidem
1209 3305 1287 3353 recta

192 3385 317 3447 tiliorum
338 3388 476 3447 institutio
496 3399 525 3448 et
537 3409 595 3466 pax
614 3391 774 3452 domestica
794 3410 832 3450 ex
852 3392 958 3450 unitate
978 3391 1106 3470 conjugii
1129 3393 1285 3469 plurimum

186 3485 322 3562 pendent.
365 3486 423 3555 Qui
443 3488 539 3566 plures
563 3489 667 3549 habent
685 3509 803 3558 uxores,
818 3490 843 3548 si
864 3489 900 3548 ad
914 3489 1000 3550 fidem
1023 3491 1283 3560 conversituerint

189 3585 314 3663 primam
327 3588 450 3646 retinere
472 3587 586 3658 debent,
600 3590 717 3663 reliquis
737 3589 883 3648 dimissis:
909 3588 986 3663 quod
1007 3591 1031 3648 si
1049 3591 1174 3650 noluerit
1196 3592 1284 3652 fidem

189 3685 333 3763 amplecti,
348 3687 495 3764 pontificia
508 3687 589 3747 datur
602 3688 777 3766 dispensatio
787 3697 819 3747 ut
831 3689 915 3749 aliam
929 3707 993 3764 quae
1004 3689 1090 3752 fidem
1105 3693 1285 3769 amplectitur

189 3786 302 3864 seligat,
316 3787 405 3863 priori
418 3787 598 3866 postposita:
614 3786 691 3861 quod
701 3788 733 3846 fit
745 3805 780 3846 eo
795 3787 872 3862 quod
885 3787 1043 3866 Apostolus
1064 3791 1132 3851 facit
1144 3810 1285 3852 converso

187 3881 349 3943 facultatem
384 3884 517 3946 solvendi
539 3887 706 3965 conjugium
732 3889 763 3946 in
784 3887 948 3948 infidelitate
970 3890 1083 3959 initum,
1110 3893 1135 3949 si
1156 3890 1281 3949 infidelis

190 3979 327 4048 discedat,
341 3983 451 4042 scilieet
462 3994 562 4044 renuat
575 3987 669 4044 vivere
682 4005 749 4046 cum
759 4005 795 4045 eo
808 3988 916 4066 absque
926 3989 1039 4064 pietatis
1053 3988 1233 4046 detrimento.

230 4082 280 4137 45.
303 4078 489 4156 Polyandria,
502 4101 553 4142 seu
568 4085 692 4160 plurium
705 4086 832 4145 virorum
845 4085 1023 4146 consuetudo
1036 4105 1089 4163 per
1098 4105 1129 4144 se
1143 4097 1285 4162 repugnat

188 4178 335 4258 coniugio,
350 4179 429 4255 quod
441 4199 531 4254 quum
547 4181 583 4241 ad
600 4183 756 4261 humanum
777 4203 867 4262 genus
888 4183 1103 4263 propagandum
1122 4185 1296 4244 institutum·

330 4408 374 4474 (1)
394 4405 482 4473 Capi.
494 4407 626 4462 devotoin
639 4414 664 4462 6.
853 4415 896 4480 (2)
915 4413 986 4466 Mart
997 4412 1048 4462 xix.
1062 4416 1086 4462 5.

327 4493 371 4560 (Β)
392 4491 454 4560 Cap.
465 4493 516 4546 viii.
527 4493 557 4548 de
568 4493 658 4548 divort.
858 4499 901 4565 (4)
921 4497 987 4548 Sese.
998 4498 1066 4550 xxiv.
1078 4513 1131 4565 cap.
1143 4499 1169 4552 ii.
