3144 5192
264 532 324 590 266
640 521 782 584 CAPUT
803 520 986 583 UNICUM.

264 693 430 774 prescripto
443 693 527 750 etiam
547 689 721 750 moribundis
735 691 785 763 qui
804 707 889 749 sensa
908 707 961 748 sua
979 687 1102 768 pandere
1125 698 1280 765 nequeunt,
1303 693 1354 754 sed

265 795 314 868 qui
328 791 427 854 mortu
441 799 593 850 censentur
606 790 678 848 velle
692 789 746 848 hoo
760 790 887 849 subsidio
901 788 1028 866 adjuvari
1041 789 1158 861 :quales
1172 799 1240 849 sunt
1253 810 1354 850 omnes

265 895 315 968 qui
334 892 421 952 fidem
435 889 617 950 Catholicam
630 889 753 966 professi
767 898 842 948 sunt
878 897 897 924 “
908 889 1154 965 lmpoenitentibus
1169 888 1246 958 verb,
1261 891 1352 965 etqui

265 993 295 1052 in
317 991 468 1051 manifesto
498 999 614 1067 peccato
647 988 760 1048 mortali
785 987 952 1056 moriuntur,
975 996 1004 1046 ct
1035 989 1297 1057 excommunicatis,
1324 999 1354 1048 et

264 1092 391 1152 nondum
401 1089 561 1167 baptizatis,
577 1086 690 1165 penitus
701 1086 889 1165 denegetur.'’

307 1195 354 1250 19.
377 1187 522 1248 “infirmis
536 1185 571 1244 de
585 1203 706 1259 quorum
718 1195 808 1246 morte
822 1179 971 1246 timetur”1
981 1183 1164 1246 ministranda
1172 1195 1224 1254 est,
1235 1187 1264 1245 hi
1274 1188 1351 1246 enim

265 1307 335 1348 voco
349 1289 525 1348 infirmorum
538 1286 645 1344 viribus
666 1284 859 1346 deficientium
878 1305 894 1344 a
908 1285 941 1342 S.
958 1283 1068 1344 Jacobo
1084 1284 1292 1362 intelliguntur:
1315 1287 1350 1344 iis

266 1396 286 1424 ‘⁴
295 1388 344 1460 qui
356 1405 414 1464 prae
425 1386 507 1444 senio
516 1384 663 1453 deficiunt,
674 1392 703 1442 et
714 1386 743 1445 in
756 1385 834 1444 diem
844 1385 976 1444 videntur
983 1384 1121 1452 morituri,
1132 1385 1217 1443 etiam
1228 1387 1289 1443 sinc
1298 1385 1351 1444 alia

266 1485 449 1546 infirmitatc”
464 1485 618 1544 ministrari
632 1493 734 1561 potest.
776 1485 809 1543 Si
829 1485 945 1544 morbus
958 1483 1057 1542 mortis
1071 1483 1228 1559 periculum
1241 1483 1349 1552 afferat,

264 1586 360 1645 unctio
378 1585 439 1642 fieri
454 1584 566 1661 poterit,
582 1584 712 1657 quamvis
732 1583 861 1642 infirmus
881 1601 940 1643 non
960 1583 1048 1640 sitin
1070 1583 1150 1641 exitu
1173 1585 1237 1641 ritae
1260 1583 1351 1642 adhuc

264 1684 386 1761 positus.
410 1692 429 1720 ‘⁴
442 1684 511 1742 Non
525 1684 790 1741 ministreturetiam
799 1681 926 1759 praelium
941 1681 1063 1749 inituris,
1072 1689 1120 1740 aut
1132 1683 1349 1759 navigationem,

263 1792 312 1842 aut
330 1783 597 1861 peregrinationem,
612 1791 659 1840 aut
678 1781 732 1838 alia
745 1783 871 1858 pericula
884 1781 1030 1848 subituris,
1044 1788 1091 1838 aut
1103 1781 1159 1838 reis
1171 1781 1271 1841 ultimo
1284 1801 1351 1858 sup·

263 1884 352 1962 plicio
366 1881 533 1950 afficiendis,
547 1891 597 1939 aut
610 1879 705 1958 pueris
715 1881 830 1939 rationis
840 1899 924 1940 usum
934 1897 991 1938 non
1004 1878 1205 1938 habentibus.”
1246 1882 1348 1939 Pueris

264 1983 314 2056 qui
324 1984 392 2041 satis
406 1990 554 2058 compotes
568 1979 684 2038 rationis
698 1979 835 2047 visisunt,
850 1990 882 2037 ut
894 1997 1012 2056 peccare
1022 1989 1151 2056 possent,
1161 1977 1242 2038 datur
1255 1981 1350 2039 unctio

263 2091 410 2140 extrema:
432 2089 461 2137 ot
482 2078 545 2137 aliis
567 2079 602 2136 dc
622 2078 725 2150 quibus
745 2077 896 2145 dubitatur,
910 2078 963 2136 sub
986 2077 1148 2136 conditione
1168 2078 1229 2136 dari
1248 2089 1349 2156 potest.

263 2179 443 2247 Amantibus,
458 2178 482 2234 si
496 2175 590 2235 lucida
603 2176 723 2234 habeant
736 2176 881 2236 intervalla
893 2175 953 2235 dari
966 2185 1077 2253 potest:
1092 2176 1145 2234 sed
1158 2163 1216 2236 non
1225 2178 1348 2236 furiosis:

262 2278 343 2336 datur
355 2277 441 2336 etiam
454 2277 597 2335 morituris
607 2294 644 2334 ex
658 2275 785 2346 vulnere,
800 2276 846 2335 vel
861 2293 982 2344 veneno,
996 2276 1080 2334 etiam
1097 2277 1148 2349 qui
1162 2287 1282 2336 mortem
1293 2277 1349 2336 sibi

262 2378 472 2446 consciverunt,
488 2376 533 2435 vel
547 2377 596 2449 qui
610 2377 638 2435 in
653 2375 789 2454 singulari
804 2377 958 2435 certamine
968 2375 1097 2452 percussi
1109 2385 1184 2444 sunt,
1195 2375 1349 2435 dummodo

261 2479 457 2556 poenitentiam
471 2474 573 2534 deinde
586 2475 708 2554 professi
721 2477 787 2533 sint.
830 2484 850 2511 “
860 2474 1008 2534 Parcohus
1027 2474 1170 2534 unctionis
1190 2494 1349 2534 sacramen-

262 2586 323 2636 tum
337 2579 495 2635 ministrare
515 2594 573 2633 non
594 2575 679 2632 debet
698 2575 862 2633 mulieribus
887 2575 917 2632 in
939 2582 1021 2650 partu
1040 2573 1253 2633 laborantibus”
1263 2577 1348 2654 juxta

261 2677 413 2734 concilium
428 2673 664 2732 Mediolanense:
680 2673 714 2730 iis
728 2682 820 2730 tamen
834 2673 864 2730 in
877 2673 1010 2748 proximo
1023 2673 1151 2750 periculo
1165 2675 1263 2732 mortis
1282 2683 1345 2733 actu

262 2773 440 2830 versantibus
454 2771 606 2829 ministrari
620 2779 723 2846 potest.

299 2873 348 2928 20.
364 2869 449 2927 Haud
461 2869 669 2946 expectandum
680 2877 733 2938 est,
743 2878 774 2928 ut
784 2871 877 2942 omnis
889 2873 951 2931 vitae
963 2890 1029 2950 spes
1041 2873 1147 2931 amissa
1156 2873 1250 2942 fuerit,
1261 2876 1303 2933 vel
1316 2883 1348 2932 ut

262 2979 383 3048 aegrotus
409 2969 541 3028 sensibus
563 2969 713 3028 destitutus
739 2970 792 3028 sit:
820 2972 987 3048 gravissime
1012 2972 1090 3030 enim
1110 2963 1245 3050 peccant,
1268 2975 1349 3050 juxta

229 3088 231 3093 ’
262 3069 480 3130 catechismum
494 3069 657 3128 Romanurn
678 3069 727 3142 qui
750 3069 821 3129 adeo
842 3070 977 3129 differunt
988 3071 1164 3130 unctionem.
1206 3072 1240 3132 ld
1254 3073 1288 3130 de
1302 3091 1350 3148 pa·

261 3172 350 3230 rocho
364 3171 447 3248 culpa
460 3189 512 3229 sua
525 3168 672 3228 differente
686 3187 793 3246 ungere
807 3169 1010 3228 moribundum
1023 3169 1073 3243 qui
1084 3171 1154 3247 ungi
1168 3173 1237 3249 petit
1249 3172 1349 3230 intelli·

260 3269 385 3347 gendum
399 3269 520 3329 videtur.
563 3267 710 3336 “Ratio,”
736 3268 828 3341 inquit
848 3267 880 3326 S.
895 3268 1072 3347 Alphonsus,
1094 3271 1190 3343 “quia
1203 3271 1245 3329 sic
1258 3271 1348 3346 priva·

259 3379 302 3426 tur
316 3369 445 3428 infirmus
459 3367 584 3428 uberiori
608 3367 702 3425 fructu
723 3385 809 3440 quem
833 3369 1000 3445 recepisset,
1021 3367 1047 3425 si
1070 3369 1245 3444 suscepisset
1257 3387 1348 3426 sacra·

260 3478 397 3536 mentum,
423 3468 492 3526 dum
515 3476 574 3523 erat
593 3467 711 3525 rationis
733 3484 862 3542 compos,
886 3485 952 3525 cum
972 3466 1064 3543 magis
1088 3476 1153 3526 tunc
1173 3486 1205 3526 se
1224 3469 1259 3527 ad
1278 3467 1349 3526 illud

260 3567 467 3641 disposuisset3
489 3567 556 3622 item
570 3565 637 3635 quia
649 3564 776 3640 privatur
788 3564 978 3640 spiritualibus
991 3565 1098 3624 viribus
1112 3566 1147 3625 ad
1160 3567 1348 3626 resistendum

203 3709 206 3713 .
260 3663 392 3729 daemoni,
406 3671 434 3720 et
447 3661 480 3719 ad
495 3661 662 3739 perferenda
675 3662 767 3720 morbi
780 3662 980 3733 incommoda:
995 3665 1072 3734 item,
1087 3667 1154 3739 quia
1167 3667 1306 3735 infirmus,
1322 3667 1348 3723 si

202 3875 204 3880 ’
295 3866 337 3932 (l)
357 3862 405 3914 Rit.
417 3863 488 3913 Rom.
501 3862 667 3928 Anabaptistae
680 3862 813 3927 Anglicani
831 3864 890 3916 olim
907 3869 1032 3930 ungebant
1049 3873 1165 3932 egrotos:
1184 3878 1199 3902 ‘⁴
1209 3868 1243 3918 So
1261 3868 1298 3918 ior
1308 3882 1350 3916 ex·

258 3957 333 4002 troam
345 3949 485 4001 unctiones
498 3949 539 3999 the
550 3949 609 4010 sick,
621 3951 714 4015 spoken
726 3951 754 4000 of
765 3950 793 4001 in
802 3951 886 4002 James
898 3967 922 4004 v.·
936 3956 974 4015 14,
989 3957 1027 4015 le,
1039 3956 1086 4006 Mr.
1098 3955 1195 4005 Russcn
1207 3954 1236 4004 of
1242 3953 1350 4018 Hythin

259 4035 334 4097 Kent,
345 4053 361 4086 a
371 4037 440 4102 place
450 4033 535 4085 thetis
546 4035 591 4086 full
602 4036 703 4086 ofthese
714 4037 807 4100 poople‚
818 4053 889 4101 says:
901 4038 926 4088 ‘1
938 4054 978 4088 am
989 4055 1044 4090 sure
1055 4039 1075 4090 it
1084 4039 1172 4091 isboth
1181 4039 1242 4089 their
1249 4038 1351 4102 opinion

257 4122 305 4171 und
316 4122 428 4186 practice,
439 4137 465 4171 as
479 4128 505 4170 to
516 4136 590 4181 some,
602 4121 653 4170 tho’
665 4123 780 4188 probably
791 4123 823 4172 all
834 4123 866 4173 do
877 4130 921 4172 not
931 4139 976 4173 use
987 4123 1023 4173 it!
1058 4125 1088 4174 Ρ.
1099 4125 1126 4174 S.
1143 4125 1207 4174 This
1223 4123 1236 4172 I
1256 4122 1308 4174 lind
1324 4129 1350 4171 tc

256 4205 286 4254 be
298 4204 423 4254 consesscd
434 4205 501 4254 since
511 4205 544 4267 by
556 4203 603 4252 Mr.
615 4203 715 4255 Sennet.
751 4205 803 4256 But
819 4206 850 4255 be
867 4207 921 4255 tells
937 4221 984 4266 me,
994 4206 1014 4255 it
1030 4206 1052 4256 is
1067 4208 1112 4258 but
1122 4208 1200 4271 rarely
1211 4205 1330 4270 practised
1342 4221 1348 4252 :

260 4288 309 4338 and
319 4288 371 4340 that
382 4295 427 4338 not
441 4290 481 4354 (as
492 4289 533 4338 the
545 4289 642 4352 Papists
650 4306 695 4339 use
706 4291 737 4356 it)
751 4291 810 4354 only
818 4306 846 4339 or
856 4289 976 4354 chieflyin
984 4290 1051 4342 cases
1062 4291 1198 4356 despectum
1209 4293 1253 4340 but
1260 4290 1350 4353 mostly
1372 4329 1380 4344 .

255 4373 284 4422 in
294 4373 370 4438 hopes
382 4374 410 4422 os
422 4389 542 4438 recorory,
554 4374 602 4424 and
613 4374 650 4424 sor
660 4375 713 4424 that
723 4373 796 4424 end.''
830 4373 907 4436 Wcll,
918 4374 985 4427 Hist.
997 4375 1088 4444 Insunt
1099 4377 1226 4445 Baptirm,
1237 4391 1261 4441 p.
1273 4375 1298 4424 ii.
1311 4375 1350 4426 ch.

257 4471 306 4506 vur.
