3172 5172
582 512 639 572 DE
661 509 970 572 OONFESSIONE.
1272 517 1328 573 149

239 681 425 759 Singulorum
439 688 620 756 peccatorum
640 680 785 738 confessio
807 680 849 747 fit,
871 677 938 737 dum
960 678 1025 751 quis
1048 679 1158 752 quoties
1179 688 1327 756 peccatum

240 781 356 854 aliquod
376 778 529 848 admiserit,
549 779 666 838 fatetur:
689 777 766 853 quod
786 779 901 852 quidem
916 777 1077 836 necessario
1101 779 1262 838 faciendum
1274 790 1327 850 est,

242 900 330 955 quum
345 897 432 939 unum
455 881 490 937 ab
514 880 603 939 altero
626 878 822 955 distinguatur,
844 888 873 936 et
885 897 920 937 eo
934 878 1025 954 magis
1038 896 1103 936 reus
1117 881 1182 952 quis
1195 880 1254 948 fiat,
1269 899 1327 954 quo

241 980 345 1057 saepius
369 979 496 1051 deliquit.
552 980 698 1037 Numerus
727 986 821 1036 autem
849 985 976 1043 accurate
1002 979 1086 1035 statui
1111 997 1327 1052 nonnumquam

241 1080 354 1152 nequit:
377 1087 551 1155 quapropter
563 1078 705 1155 poenitens
725 1077 809 1136 debet
821 1076 890 1150 quid
903 1077 1095 1135 verosimilius
1110 1078 1147 1135 sit
1159 1078 1281 1147 referre3
1301 1089 1328 1137 et

244 1197 294 1256 pro
308 1178 446 1254 temporis
460 1177 651 1245 diuturnitate,
661 1186 690 1235 et
702 1175 914 1236 consuetudinis
928 1177 1096 1248 frequentia,
1110 1177 1249 1236 sacerdoti
1262 1197 1329 1237 con·

243 1279 368 1336 soientiae
395 1276 587 1336 conditionem
614 1295 775 1352 exponere:
803 1294 880 1351 saepe
900 1277 977 1335 enim
1004 1275 1038 1334 ad
1064 1277 1211 1336 veritatem
1237 1280 1329 1356 magis

244 1377 361 1444 accedit,
377 1376 426 1449 qui
439 1375 507 1434 dicit
520 1395 550 1434 se
564 1395 616 1451 per
628 1393 717 1434 annos
732 1385 788 1433 tres
802 1376 987 1432 consuevisse
997 1376 1093 1451 jurare
1109 1376 1204 1435 decies
1218 1377 1330 1436 circiter

242 1477 363 1553 singulis
389 1475 499 1545 diebus,
527 1494 613 1548 quam
639 1475 689 1547 qui
715 1473 856 1547 quendam
877 1491 1037 1542 numerum,
1060 1474 1213 1535 divinando
1231 1478 1329 1545 veluti,

242 1576 338 1633 refert.
379 1575 476 1640 Quum
491 1583 584 1633 autem
600 1577 775 1633 internorum
796 1581 910 1631 actuum
932 1591 1067 1632 numerus
1089 1574 1172 1633 facile
1186 1585 1329 1654 augeatur,

245 1675 352 1751 quippe
373 1674 421 1746 qui
441 1674 517 1733 nullo
541 1693 618 1732 nexu
639 1674 713 1732 inter
735 1691 767 1730 se
788 1673 1009 1750 conjunguntur,
1024 1675 1135 1746 quoties
1148 1687 1282 1735 renovata
1295 1679 1332 1736 sit

246 1773 322 1832 mala
334 1772 474 1841 voluntas,
489 1772 691 1850 explicandum
706 1775 769 1841 erit,
784 1779 923 1844 quatenus
937 1772 997 1830 fieri
1011 1774 1112 1849 possit.
1155 1775 1212 1841 Qui
1228 1778 1331 1853 juven·

244 1873 309 1931 tutis
331 1882 458 1950 tempore
481 1892 568 1950 prava
586 1873 717 1950 flagravit
736 1871 865 1939 libidine,
892 1871 961 1930 licet
979 1873 1053 1930 nihil
1073 1876 1234 1949 patraverit,
1249 1875 1332 1933 debet

243 1970 405 2031 confitendo
418 1972 560 2049 explicare
575 1982 645 2044 quot
658 1990 748 2030 annos
760 1972 942 2031 consueverit
955 1973 1074 2029 interius
1089 1971 1199 2040 cedere,
1221 1983 1250 2030 et
1263 1993 1332 2046 quo·

243 2073 294 2130 ties
308 2072 421 2130 circiter
433 2071 554 2149 singulis
568 2071 680 2139 diebus,
701 2080 785 2148 prout
798 2072 935 2147 potuerit:
957 2089 1011 2128 nec
1034 2071 1100 2130 ideo
1119 2073 1265 2150 ungendus
1289 2083 1332 2132 est

245 2172 349 2237 animo,
364 2171 442 2244 quod
455 2189 590 2230 numerus
604 2172 773 2248 plemmque
788 2179 916 2228 accurate
929 2170 1040 2229 definiri
1054 2182 1185 2245 nequeat.

283 2274 333 2328 38.
355 2270 501 2328 Numerus
522 2288 620 2328 eorum
633 2272 663 2330 in
677 2287 750 2345 quos
770 2271 900 2346 peccavit
913 2272 1065 2345 poenitens,
1080 2271 1264 2331 declarandus
1278 2283 1331 2341 est,

246 2369 347 2426 saltem
360 2369 386 2427 si
399 2368 577 2444 singulorum
587 2370 652 2445 jura
663 2369 731 2428 laesa
744 2370 817 2436 sint;
838 2370 879 2426 oti
890 2371 1028 2445 contingit
1048 2371 1177 2446 plurimis
1191 2373 1334 2430 calumnia
1427 2432 1430 2440 ,

247 2466 366 2535 affectis,
381 2468 428 2525 vel
442 2469 628 2544 plurimorum
643 2469 774 2546 expilatis
788 2469 883 2526 bonis.
925 2468 1010 2534 Quod
1024 2469 1050 2526 si
1064 2487 1130 2526 oum
1144 2470 1332 2546 plurimorum

245 2566 406 2626 offensione
426 2576 456 2625 et
475 2567 642 2627 detrimento
662 2569 725 2641 quis
746 2568 835 2644 egerit
860 2586 1020 2643 perperam,
1042 2569 1112 2641 quin
1139 2571 1225 2626 eausa
1250 2569 1334 2628 fuerit

137 2703 142 2713 ·
245 2666 351 2735 damni,
373 2667 451 2740 quod
474 2685 573 2726 eorum
593 2669 662 2726 vitio
685 2669 788 2734 evenit,
810 2686 868 2725 non
889 2667 999 2727 videtur
1018 2670 1108 2728 teneri
1128 2669 1162 2727 ad
1183 2688 1333 2729 numerum

245 2785 341 2826 eorum
361 2767 552 2826 referendum.
595 2768 693 2826 Nemo
713 2777 788 2826 certe
814 2775 923 2825 tenetur
942 2787 1092 2828 numerum
1112 2787 1211 2828 eorum
1237 2788 1332 2830 eoram

246 2867 350 2938 quibus
363 2868 492 2943 peccavit
504 2867 618 2936 referre,
633 2867 658 2925 si
672 2867 729 2925 illis
743 2885 800 2926 non
815 2867 900 2925 suerit
915 2867 1095 2937 detrimento,
1109 2871 1155 2928 vel
1168 2871 1313 2929 scandalo.

286 2969 335 3024 39.
356 2966 444 3023 Actus
464 2975 599 3024 externus
620 2967 730 3044 peccati
749 2967 911 3024 necessario
926 2966 1111 3027 declarandus
1125 2978 1182 3026 est:
1204 2972 1334 3041 quamvis

247 3065 322 3122 enim
336 3065 399 3124 solo
419 3067 522 3124 mentis
542 3067 690 3144 proposito
710 3066 774 3138 quis
794 3073 902 3141 peccet,
918 3075 1011 3123 tamen
1035 3075 1112 3124 aetus
1133 3066 1168 3124 ad
1187 3077 1334 3142 peccatum

247 3165 376 3241 pertinet,
403 3165 479 3239 quod
505 3165 645 3242 obtegitur
670 3174 699 3223 et
724 3163 928 3232 dissimulatur,
952 3163 1020 3222 dum
1042 3164 1135 3222 solum
1161 3164 1334 3225 desiderium

248 3265 414 3340 explicatur.

287 3365 336 3422 40.
358 3363 452 3429 Quum
474 3363 624 3424 fornicatio
644 3364 741 3442 specie
755 3363 878 3422 differta
899 3365 1016 3422 tactibus
1038 3364 1199 3440 impudicis,
1213 3366 1334 3440 aliisque

248 3471 345 3522 contra
364 3465 521 3522 castitatem
547 3464 678 3540 gravibus
698 3464 921 3538 peccassetis
941 3482 1000 3521 non
1020 3472 1064 3520 est
1083 3464 1177 3540 gravis
1197 3483 1229 3522 se
1254 3483 1335 3524 reum

249 3581 402 3640 agnoscere
416 3564 526 3640 peccati
539 3573 635 3622 contra
645 3563 799 3622 castitatem
810 3581 874 3621 oum
889 3563 1118 3632 solutaadmissi,
1130 3564 1155 3621 si
1170 3564 1232 3641 ipse
1246 3567 1336 3624 coitus

248 3663 407 3721 reticeatur.
451 3660 556 3721 Merito
579 3663 664 3739 igitur
689 3662 821 3721 damnata
846 3672 889 3720 est
914 3665 1090 3740 propositio:
1126 3665 1216 3731 “Qui
1240 3665 1338 3725 habuit

248 3762 380 3838 copulam
391 3780 455 3820 cum
464 3762 557 3820 soluta
564 3761 701 3820 satisfacit
709 3762 899 3821 confessionis
909 3774 1062 3843 praecepto,
1074 3764 1189 3824 dicens:
1205 3767 1337 3826 commisi

250 3877 315 3917 cum
335 3860 426 3919 soluta
445 3880 530 3938 grave
550 3870 697 3938 peceatum
718 3871 816 3921 contra
836 3864 1002 3932 castitatem,
1023 3883 1081 3923 non
1101 3865 1271 3941 explicando
1291 3883 1337 3921 co·

198 3961 202 3966 '
252 3953 399 4035 pulam.”²

289 4061 339 4116 41.
361 4058 492 4118 Effectus
507 4070 655 4137 peccatum
666 4069 779 4118 secutus
789 4059 974 4119 declarandus
985 4070 1037 4128 est,
1048 4069 1186 4133 quatenus
1201 4060 1337 4135 praevisus

250 4157 303 4226 ert,
317 4159 363 4217 vel
381 4160 471 4218 menti
488 4158 699 4232 quodammodo
717 4159 898 4217 obversatus:
921 4159 994 4217 adeo
1012 4167 1042 4216 ut
1061 4159 1190 4216 voluntas
1205 4158 1232 4214 in
1254 4176 1339 4216 causo

249 4275 314 4318 eum
329 4258 464 4335 amplexa
477 4277 541 4317 esse
556 4259 692 4318 videatur.
734 4257 853 4324 Quodsi
862 4259 927 4331 quis
936 4257 1085 4316 confessus
1099 4255 1183 4314 suerit
1196 4266 1288 4315 actum
1301 4276 1339 4318 ex

287 4479 330 4544 (l)
350 4479 376 4528 S.
387 4478 462 4545 Alph.
474 4480 489 4528 l.
501 4479 533 4528 vi.
545 4494 573 4529 n.
583 4479 642 4528 468.
767 4478 810 4543 (2)
829 4475 912 4525 XXV.
923 4476 985 4527 inter
996 4475 1120 4527 damnatus
1131 4478 1161 4528 ab
1169 4476 1241 4529 Alex.
1253 4479 1309 4533 Vll.

768 4559 829 4614 14*
1091 4567 1095 4576 '
