3172 5172
540 533 597 594 DE
619 531 907 592 CELEBRANDA
927 531 1062 593 Mlssa.
1288 535 1341 590 lul

695 1037 837 1099 CAPUT
858 1040 898 1099 ΙΙ.

607 1255 646 1294 DE
667 1255 866 1296 cunnensium
885 1255 980 1296 missu.

495 1413 548 1489 §L
591 1413 639 1472 Da
660 1433 853 1490 caparnaum
880 1431 1096 1474 oneraremus.

292 1571 341 1627 79.
362 1565 512 1624 Tenentur
531 1565 707 1634 sacerdotes,
717 1567 802 1644 juxta
821 1567 1023 1643 plerorumque
1044 1565 1224 1634 sententiam,
1244 1565 1342 1626 divino

254 1673 397 1742 praecepto
411 1664 447 1724 ad
459 1665 677 1724 celebrandum:
701 1674 721 1701 ‘⁶
731 1666 826 1726 omnis
843 1685 966 1739 namque
981 1664 1111 1744 pontifex
1124 1683 1162 1724 ex
1175 1665 1342 1726 hominibus

221 1803 223 1810 ,
253 1777 426 1839 assumptus,
440 1783 491 1840 pro
511 1765 676 1824 hominibus
696 1765 877 1823 constituitur
890 1767 919 1824 in
932 1765 968 1823 iis
982 1784 1044 1838 quae
1058 1764 1173 1824 suntad
1192 1764 1297 1834 Deum,
1312 1773 1343 1823 ut

251 1862 353 1923 offerat
379 1865 462 1932 dona,
489 1872 518 1921 et
543 1861 950 1941 111111111111101111111111.”1
988 1861 1187 1924 1111111111111
1208 1863 1342 1922 Christus

252 1963 419 2040 Apostolis:
456 1960 553 2022 “Hoc
580 1963 664 2023 facite
691 1964 721 2022 in
747 1982 842 2023 meam
865 1957 1219 2022 commemorationem.”²
1258 1963 1342 2039 Lugo

252 2062 364 2136 quidem
378 2063 434 2122 hoc
448 2072 622 2140 praeceptum
631 2063 777 2123 contendit
785 2081 821 2122 eo
832 2065 974 2139 precipue
987 2072 1118 2142 spectare
1128 2070 1159 2121 ut
1171 2061 1342 2121 sacrificium

251 2180 365 2239 semper
383 2163 542 2223 celebretur
561 2161 639 2235 quod
657 2162 776 2222 libenter
799 2161 1003 2232 concedimus;
1028 2161 1080 2221 sed
1105 2148 1233 2239 singulos
1254 2163 1343 2220 teneri

227 2247 228 2250 ¹
252 2260 401 2334 aliquoties
426 2259 493 2322 inde
519 2261 616 2338 colligi
641 2272 745 2338 potest,
772 2262 929 2338 praesertim
951 2281 1039 2335 quum
1059 2261 1088 2319 id
1108 2264 1146 2320 eit
1165 2263 1343 2339 precipuum

252 2378 357 2421 munus
379 2359 415 2419 ad
441 2358 518 2430 quod
539 2360 684 2418 constituti
710 2370 784 2420 sunt.
827 2360 973 2433 Equidem
994 2361 1044 2433 qui
1063 2357 1342 2437 negligit'celebrarc

252 2459 326 2518 servi
340 2457 416 2534 pigri
429 2459 518 2516 instar
530 2467 582 2527 est,
597 2459 627 2516 in
639 2458 753 2518 sudario
766 2460 932 2535 reponentis
947 2459 1093 2517 talentum.

290 2560 339 2615 80.
361 2556 489 2616 Difficile
515 2567 559 2614 est
584 2557 701 2617 definire
728 2560 840 2632 quoties
868 2559 932 2630 quis
957 2557 1097 2616 celebrare
1125 2565 1261 2614 teneatur.
1308 2557 1339 2614 S.

251 2655 381 2716 Thomas
395 2657 448 2715 1111
472 2656 707 2732 “Unusquisque
728 2667 839 2717 tenetur
852 2659 893 2716 uti
914 2658 1002 2736 gratia
1011 2657 1069 2715 'sibi
1089 2656 1163 2726 data,
1178 2675 1244 2716 cum
1258 2655 1343 2714 suerit

251 2767 451 2834 opportunum.
464 2798 472 2814 .
485 2798 493 2814 .
505 2798 512 2814 .
523 2754 609 2815 Unde
617 2756 880 2817 sacerdotietiamsi
888 2777 946 2820 non
955 2756 1057 2816 lrabeat
1066 2776 1162 2815 curam
1172 2758 1340 2824 animarum,

251 2849 388 2916 nonlicet
406 2855 556 2914 omninoa
574 2857 765 2916 celebratione
785 2875 915 2918 cessare:
937 2857 989 2916 scd
1009 2857 1110 2915 saltem
1129 2855 1249 2924 videtur,
1263 2855 1342 2930 quod

252 2953 392 3014 celebrare
418 2965 547 3014 teneatur
571 2955 602 3014 in
622 2957 774 3033 praecipuis
795 2956 885 3024 festis,
913 2965 941 3014 et
961 2957 1086 3014 maxime
1107 2957 1137 3013 in
1158 2956 1214 3013 illis
1241 2955 1341 3014 dicbus

253 3054 283 3110 in
297 3055 400 3127 quibus
423 3055 524 3115 fideles
542 3056 754 3116 communicare
776 3048 1034 3114 consueverunl.”³
1075 3054 1106 3110 S.
1129 3052 1340 3128 Hieronymus,

247 3154 331 3230 juxta
356 3155 477 3227 aliquos,
491 3154 583 3213 noluit
602 3173 728 3228 unquam
759 3163 867 3215 tantum
887 3154 990 3213 offerre
1011 3152 1203 3217 sacrificium3
1225 3149 1276 3208 sed
1301 3151 1341 3218 id,

250 3251 328 3324 quod
352 3255 442 3312 critici
461 3263 577 3330 negant,
591 3273 649 3312 non
671 3263 766 3331 potest
784 3249 934 3332 suffragari
956 3253 1008 3322 his,
1022 3252 1072 3326 qui
1095 3270 1131 3310 ex
1152 3249 1271 3319 incuria,
1295 3251 1342 3313 vel

253 3352 349 3411 animo
375 3354 450 3411 curis
476 3352 628 3412 mundanis
655 3353 790 3421 distento,
811 3353 867 3412 hoc
893 3353 1063 3411 detrectant:
1095 3359 1268 3427 quapropter
1292 3350 1341 3408 do·

248 3451 361 3510 luerunt
386 3461 481 3530 patres
514 3453 722 3514 Lateranenses
752 3451 912 3512 sacerdotes
941 3450 1080 3525 quosdam
1107 3452 1157 3509 vix
1185 3459 1285 3522 quater
1310 3451 1340 3509 in

251 3568 326 3610 anno
348 3552 501 3612 celebrare.
542 3552 574 3610 S.
597 3551 790 3630 congregatio
803 3551 929 3614 concilii
948 3551 1120 3611 Novembris
1141 3567 1241 3608 mense
1264 3552 1342 3609 1696

252 3651 290 3707 111
309 3654 438 3712 censuit:
469 3651 560 3718 “Qui
582 3652 644 3710 sine
660 3653 739 3730 justa
759 3671 845 3711 causa
867 3663 909 3711 ter
934 3651 981 3710 vel
1006 3660 1105 3726 quater
1130 3650 1160 3709 in
1182 3668 1258 3710 anno
1284 3669 1343 3711 non

252 3749 532 3827 celebravitpcccat
550 3751 715 3821 mortaliter,
737 3761 765 3810 et
777 3760 870 3828 potest
883 3752 918 3809 ab
937 3752 1075 3829 episcopo
1089 3749 1218 3827 puniri.”
1257 3750 1341 3820 Dies,

249 3846 343 3907 nullos
363 3851 393 3908 in
419 3851 521 3924 quibus
541 3849 571 3908 id
596 3853 728 3910 numeris
752 3849 913 3910 necessarii
934 3850 1113 3928 explendum
1142 3851 1189 3917 sit,
1211 3848 1341 3908 delinivit

252 3945 374 4019 ideoque
400 3950 544 4025 probabile
570 3960 651 4028 putat
676 3951 708 4009 S.
735 3951 903 4028 Alphcnsus
930 3950 1102 4024 quibuslibet
1127 3947 1228 4006 diebus
1254 3933 1340 4023 posse

252 4041 410 4107 satisfieri.⁴
454 4048 620 4109 Concilium
646 4049 850 4110 Tridentinum
870 4049 1000 4126 episcopi
1025 4045 1235 4106 solicitudinem
1256 4044 1286 4102 in
1306 4063 1342 4103 eo

251 4144 441 4232 adhibendam
465 4150 556 4209 voluit
574 4158 605 4207 ut
631 4149 792 4224 sacerdotes
808 4148 976 4222 ,frequenter
996 4146 1187 4206 celebrarent:
1221 4141 1342 4202 “Curet

250 4247 414 4325 episcopus,
436 4249 506 4308 11111
526 4249 628 4308 saltem
649 4248 750 4309 diebus
770 4247 943 4314 Dominicis,
965 4255 994 4304 et
1013 4243 1093 4303 sestis
1113 4241 1301 4312 solemnibus,
1316 4245 1342 4303 si

279 4415 328 4481 ,(1)
348 4415 413 4467 ch.
424 4431 447 4464 v.
462 4418 483 4464 1.
822 4416 865 4482 (2)
884 4412 946 4463 Luc.
957 4411 1018 4463 xxii.
1033 4412 1070 4462 19.

286 4501 328 4567 (3)
347 4499 382 4550 iii.
393 4515 467 4566 pqu.
478 4501 566 4553 lxxxii.
577 4507 619 4552 art.
631 4517 656 4554 x.
674 4499 750 4568 Resp.
821 4501 864 4567 (4)
884 4496 938 4548 Lat.
952 4495 983 4547 iv.
995 4510 1047 4562 cap.
1059 4493 1185 4558 uocata,
1193 4495 1224 4548 de
1235 4498 1320 4552 celebr.

769 4597 832 4658 lo*
