3124 5168
228 539 267 594 ta
594 530 651 592 DE
674 531 966 593 BAPTIZANDIS.

230 698 388 778 periculum
402 714 462 768 non
475 697 559 757 video
573 698 718 772 quomodo
730 699 812 758 vitari
826 698 919 776 possit
931 699 962 757 in
982 706 1038 756 tam
1063 699 1143 774 gravi
1168 699 1322 764 incisione;

231 797 345 856 videant
357 797 451 873 periti.
492 797 639 875 Rerpcetu
660 796 728 856 verb
750 798 859 866 matris,
875 816 911 854 an
930 798 995 874 ipsa
1011 805 1141 855 teneatur
1153 797 1324 858 incisionem

232 896 311 974 pati?
353 895 429 956 Dico
443 895 558 969 quodsi
572 896 730 972 periculum
750 898 813 974 ejus
834 896 933 954 mortis
954 895 991 952 sit
1010 896 1167 972 probabile,
1188 897 1253 972 ipsa
1271 914 1325 954 nec

232 1002 352 1063 tenetur,
367 1013 421 1054 nee
433 1004 527 1072 potest
540 1013 593 1054 suo
607 997 730 1072 positivo
744 1012 885 1055 consensu
899 993 935 1051 ad
948 994 1117 1053 incisionem
1138 1012 1324 1061 concurrere;

234 1103 343 1154 tantum
357 1103 466 1172 posset,
476 1102 503 1152 et
516 1103 657 1153 teneretur
670 1094 748 1153 illam
763 1095 831 1176 pati,
840 1093 864 1151 si
879 1093 1029 1170 chirurgus
1038 1093 1099 1151 sine
1110 1112 1162 1152 suo
1171 1110 1325 1159 consensu,

236 1191 313 1273 (ipsa
337 1195 455 1251 omnino
480 1193 609 1269 negative
635 1211 668 1250 se
693 1189 828 1272 habente)
855 1191 1003 1258 incideret,
1030 1200 1058 1250 et
1077 1210 1144 1271 spes
1171 1190 1325 1268 probabilis

236 1290 349 1349 adesset
371 1290 481 1366 prolem
504 1290 564 1349 iore
586 1290 796 1368 baptizandam,
818 1309 850 1348 ac
870 1309 947 1348 mors
968 1291 1065 1348 matris
1079 1309 1136 1349 non
1149 1300 1226 1348 esset
1238 1298 1323 1357 certa,

235 1408 302 1448 nam
316 1390 345 1448 io
359 1387 445 1449 dubio
457 1389 589 1462 utrinque
602 1391 742 1466 probabili
756 1397 866 1448 tenetur
877 1389 941 1466 ipsa
953 1389 1040 1447 vitam
1050 1389 1225 1465 spiritualem
1236 1388 1326 1467 prolis

236 1489 299 1546 vitae
313 1506 371 1560 suae
386 1489 535 1566 temporali
549 1488 692 1567 preferre.
735 1489 768 1546 Si
791 1497 883 1548 autem
907 1507 959 1546 sua
973 1505 1047 1545 mors
1061 1490 1099 1547 sit
1111 1496 1195 1556 certa,
1209 1496 1238 1545 et
1250 1487 1327 1545 salus

235 1587 325 1663 proli·
339 1585 434 1652 dubia,
448 1605 506 1645 non
519 1597 629 1646 tenetur
643 1589 705 1665 ipsa
719 1589 806 1646 vitam
820 1596 894 1646 certe
908 1581 1084 1644 amitterem
1125 1587 1196 1645 Non
1214 1585 1326 1644 videtur

237 1686 322 1762 igitur
342 1684 489 1763 expedire,
510 1695 542 1744 ut
563 1685 695 1745 sacerdos
718 1686 848 1746 consulat
867 1686 1037 1744 incisionem
1059 1704 1123 1758 que
1143 1693 1251 1744 tantum
1264 1685 1327 1742 vitae

238 1801 337 1844 secum
349 1783 403 1843 teu
416 1784 583 1861 periculum.
605 1784 683 1851 Quid
696 1794 788 1842 autem
803 1785 976 1852 faciendum,
991 1783 1058 1842 dum
1073 1785 1152 1843 novit
1164 1783 1328 1862 chirurgum

237 1885 268 1941 in
282 1883 376 1942 animo
389 1882 491 1941 habere
514 1882 623 1952 fretum,
638 1882 794 1960 forcipibus
816 1882 961 1950 adhibitis,
975 1879 1133 1952 extrahere,
1148 1883 1193 1940 vel
1206 1884 1236 1940 in
1249 1890 1329 1942 utero

237 1983 414 2060 extinguere,
424 1982 577 2059 pharmaco
592 1981 667 2052 dato,
683 1992 714 2040 ut
727 1983 823 2040 matris
833 1991 959 2040 servetur
973 1981 1050 2040 vitai
1078 1980 1224 2055 Equidem
1238 1999 1327 2054 quum

237 2080 371 2152 utrinque
384 2082 544 2156 perieulum
558 2082 603 2149 sit,
619 2091 689 2158 puto
712 2080 788 2139 haud
806 2091 947 2159 oportere
960 2097 991 2136 sc
1012 2079 1188 2153 aliquatenus
1203 2079 1330 2156 chirurgi

239 2177 369 2237 consiliis
395 2178 574 2248 immiscere;
595 2181 635 2238 nil
657 2181 733 2238 enim
754 2181 889 2257 proderit,
910 2178 938 2238 e't
954 2180 984 2236 in
997 2197 1029 2237 se
1044 2179 1143 2238 mortis
1156 2180 1255 2238 matris
1269 2196 1329 2236 sus·

237 2277 325 2354 cipiet
338 2275 446 2336 odium.
487 2278 637 2351 Plerisque
661 2278 777 2353 quidem
792 2279 931 2357 ohimrgis
945 2277 1056 2337 videtur
1069 2279 1153 2337 foetus
1167 2297 1225 2336 non
1238 2277 1329 2355 possi-

239 2377 307 2435 dere
322 2375 440 2454 plenum
456 2378 506 2455 jus
528 2378 563 2436 ad
583 2379 681 2446 vitam,
702 2377 795 2437 donec
815 2398 852 2439 ex
872 2390 952 2436 utero
976 2396 1120 2454 egressus,
1143 2378 1188 2446 sit,
1203 2386 1231 2434 et
1242 2376 1331 2434 veluti

241 2495 308 2554 pars
322 2477 421 2536 matris
434 2475 561 2546 habetur,
586 2496 649 2550 quae
670 2496 734 2536 cum
749 2479 839 2553 ipsius
853 2487 944 2536 morte
958 2493 1017 2534 non
1037 2485 1081 2533 est
1093 2475 1250 2535 servanda:
1272 2476 1330 2532 imo

238 2586 383 2646 tamquam
409 2593 558 2650 aggressor
583 2576 613 2632 in
638 2576 734 2632 matris
760 2575 857 2641 vitam,
883 2571 1024 2631 tollendus
1057 2581 1196 2631 censetur.
1241 2572 1328 2640 Quod

240 2675 265 2729 si
279 2672 428 2746 chirurgus
443 2671 512 2742 quid
523 2673 608 2728 liceat
621 2679 706 2745 petat,
717 2672 816 2727 neseio
827 2669 970 2742 quomodo
984 2671 1041 2727 vita
1053 2671 1137 2728 soetus
1151 2672 1211 2728 tolli
1222 2673 1330 2745 absque

240 2768 327 2842 culpa
340 2776 434 2839 queat.
477 2767 509 2824 Si
524 2776 613 2824 mater
627 2776 704 2843 petat
717 2767 786 2838 quid
799 2768 854 2825 sibi
873 2766 1035 2825 faciendum
1050 2768 1095 2835 sit,
1110 2768 1221 2827 videtur
1234 2769 1330 2829 dicen·

240 2865 308 2923 dum
329 2874 458 2942 oportere
482 2865 646 2942 chimrgum
674 2881 755 2924 orare
788 2877 819 2924 ut
847 2865 912 2924 vitae
935 2867 1031 2935 foetus,
1054 2868 1134 2926 omni
1159 2886 1215 2940 qua
1241 2871 1333 2946 possit

237 2965 358 3033 ratione,
373 2965 510 3023 consulat.
577 3028 580 3034 ¹

277 3069 328 3123 23.
354 3061 419 3122 Jam
440 3064 567 3124 diximus
588 3067 837 3140 sententiamque
857 3076 956 3125 censet
974 3066 1178 3144 baptizandum
1196 3085 1260 3124 esse
1275 3069 1328 3127 sub

239 3163 401 3224 conditione
415 3164 515 3222 foetum
529 3165 559 3223 in
572 3173 652 3224 utero
666 3165 758 3224 adhue
772 3165 918 3234 latentem,
934 3165 969 3224 de
983 3167 1065 3244 cujus
1079 3164 1228 3224 eductione
1249 3165 1329 3225 dubi·

239 3273 321 3330 tatur,
335 3265 361 3320 si
381 3281 455 3334 aqua
472 3264 511 3322 ad
530 3281 596 3322 eum
615 3263 733 3341 perduci
753 3265 853 3343 possit,
875 3266 989 3341 probari
1014 3265 1174 3326 Benedioto
1195 3265 1279 3324 XIV.
1300 3268 1330 3325 iu

239 3360 348 3418 erudito
368 3378 454 3437 opere
468 3361 503 3419 de
524 3362 637 3439 synodo
656 3362 833 3422 dioecesana:
855 3363 907 3422 sed
924 3383 1015 3438 quum
1030 3364 1104 3424 nihil
1122 3364 1286 3442 hujusmodi
1300 3366 1330 3424 in

239 3459 348 3519 Rituali
367 3459 492 3548 Romanl
511 3463 717 3540 proscribatur,
738 3482 797 3524 non
817 3462 928 3522 videtur
952 3464 1092 3540 obligatus
1113 3463 1148 3521 ad
1166 3463 1195 3521 id
1216 3465 1329 3524 consilii

238 3568 342 3636 sponte
355 3559 491 3618 dandum.

278 3660 328 3714 24.
350 3654 528 3734 Baptizanda
538 3675 596 3716 non
606 3667 649 3715 est
661 3678 757 3718 massa
769 3678 870 3718 carnea
883 3678 946 3732 quae
955 3678 992 3718 ex
1006 3660 1103 3717 abortu
1117 3658 1212 3735 prodit
1221 3661 1329 3734 absque

238 3755 295 3814 ulla
314 3739 487 3834 organorum
507 3754 707 3833 dispositione,
722 3759 767 3816 vel
780 3760 845 3818 vitae
863 3757 962 3834 signo:
985 3756 1098 3830 quodsi
1118 3757 1220 3832 aliquis
1235 3769 1329 3819 motus

239 3853 333 3914 vitalis
347 3855 379 3942 ¹iu
393 3854 460 3913 soetu
478 3855 608 3916 abortivo
628 3857 778 3926 indicetur,
793 3858 951 3937 baptismus
965 3857 1018 3915 sub
1038 3855 1201 3916 conditione
1220 3858 1329 3920 dandus

240 3957 303 4014 erit.
851 4007 852 4012 ,

278 4059 327 4113 25.
349 4054 435 4113 Valet
446 4054 613 4131 baptismus,
626 4054 692 4114 licet
705 4057 833 4115 minister
846 4064 926 4133 putet
938 4055 1075 4115 infantem
1088 4073 1153 4115 esse
1172 4057 1269 4126 alium,
1282 4058 1328 4116 vel

239 4172 370 4230 puerum,
385 4173 449 4228 quae
463 4153 559 4232 puella
573 4163 634 4222 est;
656 4174 722 4214 nam
736 4156 817 4213 datur
830 4156 974 4232 praesenti.

277 4257 326 4310 26.
349 4253 394 4310 De
420 4255 555 4314 monstris
576 4252 646 4312 dicit
671 4255 703 4312 S.
727 4254 912 4332 Alphonsus:
945 4252 1100 4322 “Quando
1121 4254 1270 4322 dubitatur,
1294 4274 1329 4312 an

238 4337 397 4410 monstrum
411 4353 560 4422 sithomo,
577 4353 778 4430 baptizandum
797 4353 934 4423 absolute,
957 4357 982 4413 ri
1006 4364 1091 4430 eaput
1109 4355 1146 4412 sit
1160 4351 1328 4422 humanum,

664 4522 706 4585 (1)
725 4517 754 4568 L.
767 4520 797 4569 vi.
809 4537 835 4570 n.
850 4524 904 4571 106.
