<?xml version="1.0" encoding="UTF-8"?>
<!DOCTYPE html PUBLIC "-//W3C//DTD XHTML 1.0 Transitional//EN"
    "http://www.w3.org/TR/xhtml1/DTD/xhtml1-transitional.dtd">
<html xmlns="http://www.w3.org/1999/xhtml" xml:lang="en" lang="en">
 <head>
  <title>
</title>
<meta http-equiv="Content-Type" content="text/html;charset=utf-8" />
  <meta name='ocr-system' content='tesseract 3.04.00' />
  <meta name='ocr-capabilities' content='ocr_page ocr_carea ocr_par ocr_line ocrx_word'/>
</head>
<body>
  <div class='ocr_page' id='page_1' title='image "./theologiaemoral02kenrgoog_0113.png"; bbox 0 0 3172 5172; ppageno 0'>
   <div class='ocr_carea' id='block_1_1' title="bbox 219 543 1118 606">
    <p class='ocr_par' dir='ltr' id='par_1_1' title="bbox 219 543 1118 606">
     <span class='ocr_line' id='line_1_1' title="bbox 219 543 1118 606; baseline -0.003 -1"><span class='ocrx_word' id='word_1_1' title='bbox 219 550 258 605; x_wconf 80' lang='lat'>94</span> <span class='ocrx_word' id='word_1_2' title='bbox 405 547 461 606; x_wconf 87' lang='lat' dir='ltr'>DE</span> <span class='ocrx_word' id='word_1_3' title='bbox 483 543 781 605; x_wconf 81' lang='lat' dir='ltr'><strong>SUSCEPTIONE</strong></span> <span class='ocrx_word' id='word_1_4' title='bbox 803 544 1118 605; x_wconf 77' lang='lat' dir='ltr'><strong>EUOHARISTIAE.</strong></span> 
     </span>
    </p>
   </div>
   <div class='ocr_carea' id='block_1_2' title="bbox 219 711 1312 2378">
    <p class='ocr_par' dir='ltr' id='par_1_2' title="bbox 219 711 1308 988">
     <span class='ocr_line' id='line_1_2' title="bbox 259 711 1306 789; baseline 0 -19"><span class='ocrx_word' id='word_1_5' title='bbox 259 717 307 771; x_wconf 78' lang='grc'>62.</span> <span class='ocrx_word' id='word_1_6' title='bbox 329 713 362 772; x_wconf 83' lang='lat' dir='ltr'>Si</span> <span class='ocrx_word' id='word_1_7' title='bbox 377 714 440 786; x_wconf 88' lang='lat' dir='ltr'>quis</span> <span class='ocrx_word' id='word_1_8' title='bbox 453 713 553 771; x_wconf 87' lang='lat' dir='ltr'>mortis</span> <span class='ocrx_word' id='word_1_9' title='bbox 567 721 642 770; x_wconf 88' lang='lat' dir='ltr'>metu</span> <span class='ocrx_word' id='word_1_10' title='bbox 658 720 741 788; x_wconf 87' lang='lat' dir='ltr'>cogat</span> <span class='ocrx_word' id='word_1_11' title='bbox 753 711 926 772; x_wconf 81' lang='lat' dir='ltr'>sacerdotem</span> <span class='ocrx_word' id='word_1_12' title='bbox 941 731 998 770; x_wconf 89' lang='lat' dir='ltr'>non</span> <span class='ocrx_word' id='word_1_13' title='bbox 1012 712 1141 789; x_wconf 65' lang='lat' dir='ltr'>jejunum</span> <span class='ocrx_word' id='word_1_14' title='bbox 1155 711 1306 778; x_wconf 84' lang='lat' dir='ltr'>celebrare,</span> 
     </span>
     <span class='ocr_line' id='line_1_3' title="bbox 219 799 1308 889; baseline -0.002 -20"><span class='ocrx_word' id='word_1_15' title='bbox 219 811 266 870; x_wconf 89' lang='lat' dir='ltr'>hic</span> <span class='ocrx_word' id='word_1_16' title='bbox 274 812 452 871; x_wconf 87' lang='lat' dir='ltr'>excusandus</span> <span class='ocrx_word' id='word_1_17' title='bbox 461 811 605 888; x_wconf 86' lang='lat' dir='ltr'>plerisque</span> <span class='ocrx_word' id='word_1_18' title='bbox 614 809 734 880; x_wconf 88' lang='lat' dir='ltr'>videtur,</span> <span class='ocrx_word' id='word_1_19' title='bbox 746 829 835 884; x_wconf 90' lang='lat' dir='ltr'>quum</span> <span class='ocrx_word' id='word_1_20' title='bbox 842 812 890 869; x_wconf 84' lang='lat' dir='ltr'>lex</span> <span class='ocrx_word' id='word_1_21' title='bbox 896 811 1001 889; x_wconf 89' lang='lat' dir='ltr'>jejunii</span> <span class='ocrx_word' id='word_1_22' title='bbox 1009 811 1057 869; x_wconf 83' lang='lat' dir='ltr'>vix</span> <span class='ocrx_word' id='word_1_23' title='bbox 1067 799 1160 887; x_wconf 79' lang='lat' dir='ltr'><strong>possit</strong></span> <span class='ocrx_word' id='word_1_24' title='bbox 1169 829 1233 868; x_wconf 91' lang='lat' dir='ltr'>cum</span> <span class='ocrx_word' id='word_1_25' title='bbox 1244 811 1308 868; x_wconf 75' lang='lat' dir='ltr'>vita</span> 
     </span>
     <span class='ocr_line' id='line_1_4' title="bbox 221 910 537 988; baseline 0 -20"><span class='ocrx_word' id='word_1_26' title='bbox 221 910 386 970; x_wconf 89' lang='lat' dir='ltr'>discrimine</span> <span class='ocrx_word' id='word_1_27' title='bbox 400 913 537 988; x_wconf 86' lang='lat' dir='ltr'>obligare.</span> 
     </span>
    </p>

    <p class='ocr_par' dir='ltr' id='par_1_3' title="bbox 219 1006 1311 1879">
     <span class='ocr_line' id='line_1_5' title="bbox 261 1006 1307 1091; baseline -0.007 -22"><span class='ocrx_word' id='word_1_28' title='bbox 261 1015 310 1069; x_wconf 84' lang='grc'>63.</span> <span class='ocrx_word' id='word_1_29' title='bbox 332 1011 404 1078; x_wconf 78' lang='lat' dir='ltr'>Quae</span> <span class='ocrx_word' id='word_1_30' title='bbox 415 1029 466 1088; x_wconf 90' lang='lat' dir='ltr'>per</span> <span class='ocrx_word' id='word_1_31' title='bbox 475 1009 592 1068; x_wconf 89' lang='lat' dir='ltr'>modum</span> <span class='ocrx_word' id='word_1_32' title='bbox 602 1009 697 1068; x_wconf 81' lang='lat' dir='ltr'>salivae</span> <span class='ocrx_word' id='word_1_33' title='bbox 708 1018 924 1069; x_wconf 85' lang='lat' dir='ltr'>sumunturnon</span> <span class='ocrx_word' id='word_1_34' title='bbox 932 1010 1044 1067; x_wconf 75' lang='lat' dir='ltr'>obstant</span> <span class='ocrx_word' id='word_1_35' title='bbox 1052 1007 1165 1091; x_wconf 83' lang='lat' dir='ltr'>jejunio</span> <span class='ocrx_word' id='word_1_36' title='bbox 1179 1006 1307 1065; x_wconf 86' lang='lat' dir='ltr'>naturali.</span> 
     </span>
     <span class='ocr_line' id='line_1_6' title="bbox 221 1105 1305 1186; baseline -0.003 -21"><span class='ocrx_word' id='word_1_37' title='bbox 221 1109 254 1167; x_wconf 82' lang='lat' dir='ltr'>Si</span> <span class='ocrx_word' id='word_1_38' title='bbox 267 1109 388 1169; x_wconf 86' lang='lat' dir='ltr'>lavando</span> <span class='ocrx_word' id='word_1_39' title='bbox 401 1129 444 1178; x_wconf 90' lang='lat' dir='ltr'>os,</span> <span class='ocrx_word' id='word_1_40' title='bbox 459 1109 628 1186; x_wconf 77' lang='lat' dir='ltr'>deglutiatur</span> <span class='ocrx_word' id='word_1_41' title='bbox 641 1109 714 1166; x_wconf 89' lang='lat' dir='ltr'>stilla</span> <span class='ocrx_word' id='word_1_42' title='bbox 727 1127 807 1181; x_wconf 82' lang='lat' dir='ltr'>aquae</span> <span class='ocrx_word' id='word_1_43' title='bbox 822 1118 924 1186; x_wconf 76' lang='lat' dir='ltr'>preter</span> <span class='ocrx_word' id='word_1_44' title='bbox 935 1107 1130 1174; x_wconf 89' lang='lat' dir='ltr'>intentionem,</span> <span class='ocrx_word' id='word_1_45' title='bbox 1144 1105 1184 1164; x_wconf 90' lang='lat' dir='ltr'>nil</span> <span class='ocrx_word' id='word_1_46' title='bbox 1198 1105 1305 1162; x_wconf 78' lang='lat' dir='ltr'>obstat:</span> 
     </span>
     <span class='ocr_line' id='line_1_7' title="bbox 221 1205 1307 1280; baseline -0.005 -15"><span class='ocrx_word' id='word_1_47' title='bbox 221 1227 304 1266; x_wconf 83' lang='lat' dir='ltr'>secur</span> <span class='ocrx_word' id='word_1_48' title='bbox 317 1211 341 1266; x_wconf 86' lang='lat' dir='ltr'>si</span> <span class='ocrx_word' id='word_1_49' title='bbox 350 1207 488 1267; x_wconf 86' lang='lat' dir='ltr'>consultd.</span> <span class='ocrx_word' id='word_1_50' title='bbox 511 1217 530 1243; x_wconf 90' lang='grc'><em>“</em></span> <span class='ocrx_word' id='word_1_51' title='bbox 539 1208 572 1266; x_wconf 88' lang='lat' dir='ltr'>Si</span> <span class='ocrx_word' id='word_1_52' title='bbox 581 1208 708 1279; x_wconf 80' lang='lat' dir='ltr'>reliquiae</span> <span class='ocrx_word' id='word_1_53' title='bbox 716 1209 772 1266; x_wconf 91' lang='lat' dir='ltr'>eibi</span> <span class='ocrx_word' id='word_1_54' title='bbox 780 1215 959 1266; x_wconf 69' lang='lat' dir='ltr'>remanentes</span> <span class='ocrx_word' id='word_1_55' title='bbox 968 1208 997 1264; x_wconf 90' lang='lat' dir='ltr'>in</span> <span class='ocrx_word' id='word_1_56' title='bbox 1008 1224 1056 1263; x_wconf 88' lang='lat' dir='ltr'>ore</span> <span class='ocrx_word' id='word_1_57' title='bbox 1067 1205 1307 1280; x_wconf 84' lang='lat' dir='ltr'>transglutientur,</span> 
     </span>
     <span class='ocr_line' id='line_1_8' title="bbox 220 1300 1307 1384; baseline -0.004 -20"><span class='ocrx_word' id='word_1_58' title='bbox 220 1326 277 1366; x_wconf 90' lang='grc'>666</span> <span class='ocrx_word' id='word_1_59' title='bbox 291 1307 452 1384; x_wconf 89' lang='lat' dir='ltr'>impediunt</span> <span class='ocrx_word' id='word_1_60' title='bbox 464 1308 707 1374; x_wconf 84' lang='lat' dir='ltr'>communionem,</span> <span class='ocrx_word' id='word_1_61' title='bbox 731 1325 796 1364; x_wconf 92' lang='lat' dir='ltr'>cum</span> <span class='ocrx_word' id='word_1_62' title='bbox 810 1326 870 1364; x_wconf 92' lang='lat' dir='ltr'>non</span> <span class='ocrx_word' id='word_1_63' title='bbox 882 1304 1113 1382; x_wconf 88' lang='lat' dir='ltr'>transglutiantur</span> <span class='ocrx_word' id='word_1_64' title='bbox 1126 1322 1177 1381; x_wconf 93' lang='lat' dir='ltr'>per</span> <span class='ocrx_word' id='word_1_65' title='bbox 1190 1300 1307 1360; x_wconf 89' lang='lat' dir='ltr'>modum</span> 
     </span>
     <span class='ocr_line' id='line_1_9' title="bbox 221 1401 1311 1484; baseline -0.005 -21"><span class='ocrx_word' id='word_1_66' title='bbox 221 1406 287 1473; x_wconf 92' lang='lat' dir='ltr'>cibi,</span> <span class='ocrx_word' id='word_1_67' title='bbox 298 1405 349 1463; x_wconf 90' lang='lat' dir='ltr'>sed</span> <span class='ocrx_word' id='word_1_68' title='bbox 362 1426 413 1484; x_wconf 92' lang='lat' dir='ltr'>per</span> <span class='ocrx_word' id='word_1_69' title='bbox 427 1405 543 1464; x_wconf 92' lang='lat' dir='ltr'>modum</span> <span class='ocrx_word' id='word_1_70' title='bbox 558 1406 664 1464; x_wconf 88' lang='lat' dir='ltr'>salivae.</span> <span class='ocrx_word' id='word_1_71' title='bbox 686 1404 765 1463; x_wconf 88' lang='lat' dir='ltr'>Idem</span> <span class='ocrx_word' id='word_1_72' title='bbox 775 1404 925 1464; x_wconf 91' lang='lat' dir='ltr'>dicendum</span> <span class='ocrx_word' id='word_1_73' title='bbox 935 1407 960 1463; x_wconf 86' lang='lat' dir='ltr'>si</span> <span class='ocrx_word' id='word_1_74' title='bbox 970 1404 1089 1462; x_wconf 87' lang='lat' dir='ltr'>lavando</span> <span class='ocrx_word' id='word_1_75' title='bbox 1099 1422 1131 1463; x_wconf 89' lang='lat' dir='ltr'>os</span> <span class='ocrx_word' id='word_1_76' title='bbox 1142 1401 1311 1479; x_wconf 82' lang='lat' dir='ltr'>deglutiatur</span> 
     </span>
     <span class='ocr_line' id='line_1_10' title="bbox 220 1500 1309 1583; baseline -0.004 -21"><span class='ocrx_word' id='word_1_77' title='bbox 220 1505 295 1563; x_wconf 89' lang='lat' dir='ltr'>stilla</span> <span class='ocrx_word' id='word_1_78' title='bbox 308 1525 390 1578; x_wconf 84' lang='lat' dir='ltr'>aquae</span> <span class='ocrx_word' id='word_1_79' title='bbox 405 1514 506 1583; x_wconf 88' lang='lat' dir='ltr'>praeter</span> <span class='ocrx_word' id='word_1_80' title='bbox 519 1503 737 1563; x_wconf 87' lang='lat' dir='ltr'>intentionem.’&#39;</span> <span class='ocrx_word' id='word_1_81' title='bbox 779 1505 823 1563; x_wconf 92' lang='lat' dir='ltr'>lta</span> <span class='ocrx_word' id='word_1_82' title='bbox 842 1505 948 1564; x_wconf 91' lang='lat' dir='ltr'>habent</span> <span class='ocrx_word' id='word_1_83' title='bbox 968 1504 1097 1562; x_wconf 86' lang='lat' dir='ltr'>Missalis</span> <span class='ocrx_word' id='word_1_84' title='bbox 1111 1501 1236 1560; x_wconf 87' lang='lat' dir='ltr'>Romani</span> <span class='ocrx_word' id='word_1_85' title='bbox 1250 1500 1309 1558; x_wconf 91' lang='lat' dir='ltr'>Ru-</span> 
     </span>
     <span class='ocr_line' id='line_1_11' title="bbox 219 1601 1308 1681; baseline -0.004 -20"><span class='ocrx_word' id='word_1_86' title='bbox 219 1605 315 1662; x_wconf 80' lang='lat' dir='ltr'>bricae.</span> <span class='ocrx_word' id='word_1_87' title='bbox 337 1604 424 1671; x_wconf 86' lang='lat' dir='ltr'>Quod</span> <span class='ocrx_word' id='word_1_88' title='bbox 436 1605 461 1661; x_wconf 90' lang='lat' dir='ltr'>si</span> <span class='ocrx_word' id='word_1_89' title='bbox 475 1624 512 1662; x_wconf 87' lang='lat' dir='ltr'>ex</span> <span class='ocrx_word' id='word_1_90' title='bbox 523 1604 660 1663; x_wconf 87' lang='lat' dir='ltr'>industria</span> <span class='ocrx_word' id='word_1_91' title='bbox 670 1603 868 1680; x_wconf 86' lang='lat' dir='ltr'>deglutiantur,</span> <span class='ocrx_word' id='word_1_92' title='bbox 881 1605 976 1681; x_wconf 87' lang='lat' dir='ltr'>plures</span> <span class='ocrx_word' id='word_1_93' title='bbox 985 1612 1105 1661; x_wconf 89' lang='lat' dir='ltr'>censent</span> <span class='ocrx_word' id='word_1_94' title='bbox 1117 1621 1166 1660; x_wconf 88' lang='lat' dir='ltr'>eas</span> <span class='ocrx_word' id='word_1_95' title='bbox 1179 1601 1308 1659; x_wconf 83' lang='lat' dir='ltr'>obstare:</span> 
     </span>
     <span class='ocr_line' id='line_1_12' title="bbox 222 1690 1307 1779; baseline -0.002 -20"><span class='ocrx_word' id='word_1_96' title='bbox 222 1712 250 1760; x_wconf 87' lang='lat' dir='ltr'>at</span> <span class='ocrx_word' id='word_1_97' title='bbox 273 1723 393 1762; x_wconf 89' lang='lat' dir='ltr'>necesse</span> <span class='ocrx_word' id='word_1_98' title='bbox 416 1722 472 1762; x_wconf 92' lang='lat' dir='ltr'>non</span> <span class='ocrx_word' id='word_1_99' title='bbox 493 1713 538 1762; x_wconf 88' lang='lat' dir='ltr'>est</span> <span class='ocrx_word' id='word_1_100' title='bbox 559 1690 607 1761; x_wconf 84' lang='lat' dir='ltr'>eas</span> <span class='ocrx_word' id='word_1_101' title='bbox 631 1721 667 1760; x_wconf 87' lang='lat' dir='ltr'>ex</span> <span class='ocrx_word' id='word_1_102' title='bbox 689 1702 821 1761; x_wconf 80' lang='lat' dir='ltr'>dentibus</span> <span class='ocrx_word' id='word_1_103' title='bbox 843 1704 992 1762; x_wconf 86' lang='lat' dir='ltr'>extrahere</span> <span class='ocrx_word' id='word_1_104' title='bbox 1012 1702 1172 1779; x_wconf 87' lang='lat' dir='ltr'>diligenter,</span> <span class='ocrx_word' id='word_1_105' title='bbox 1187 1719 1223 1759; x_wconf 90' lang='lat' dir='ltr'>ne</span> <span class='ocrx_word' id='word_1_106' title='bbox 1237 1699 1307 1758; x_wconf 82' lang='lat' dir='ltr'>sorte</span> 
     </span>
     <span class='ocr_line' id='line_1_13' title="bbox 221 1795 436 1879; baseline 0.005 -19"><span class='ocrx_word' id='word_1_107' title='bbox 221 1795 436 1879; x_wconf 87' lang='lat' dir='ltr'>deglutiantur.¹</span> 
     </span>
    </p>

    <p class='ocr_par' dir='ltr' id='par_1_4' title="bbox 220 1899 1312 2378">
     <span class='ocr_line' id='line_1_14' title="bbox 261 1899 1310 1980; baseline -0.004 -20"><span class='ocrx_word' id='word_1_108' title='bbox 261 1905 310 1960; x_wconf 83' lang='grc'>64.</span> <span class='ocrx_word' id='word_1_109' title='bbox 333 1905 402 1962; x_wconf 91' lang='grc' dir='ltr'>Ν66</span> <span class='ocrx_word' id='word_1_110' title='bbox 417 1905 507 1961; x_wconf 89' lang='lat' dir='ltr'>obstat</span> <span class='ocrx_word' id='word_1_111' title='bbox 519 1902 623 1960; x_wconf 91' lang='lat' dir='ltr'>humor</span> <span class='ocrx_word' id='word_1_112' title='bbox 635 1920 651 1959; x_wconf 95' lang='lat' dir='ltr'>e</span> <span class='ocrx_word' id='word_1_113' title='bbox 665 1903 769 1978; x_wconf 88' lang='lat' dir='ltr'>eapite,</span> <span class='ocrx_word' id='word_1_114' title='bbox 789 1901 834 1959; x_wconf 90' lang='lat' dir='ltr'>vel</span> <span class='ocrx_word' id='word_1_115' title='bbox 855 1903 972 1980; x_wconf 89' lang='lat' dir='ltr'>sanguis</span> <span class='ocrx_word' id='word_1_116' title='bbox 995 1921 1011 1960; x_wconf 92' lang='grc'>6</span> <span class='ocrx_word' id='word_1_117' title='bbox 1034 1901 1151 1960; x_wconf 89' lang='lat' dir='ltr'>naribus</span> <span class='ocrx_word' id='word_1_118' title='bbox 1172 1903 1201 1959; x_wconf 92' lang='lat' dir='ltr'>in</span> <span class='ocrx_word' id='word_1_119' title='bbox 1215 1918 1248 1957; x_wconf 90' lang='lat' dir='ltr'>os</span> <span class='ocrx_word' id='word_1_120' title='bbox 1262 1899 1310 1957; x_wconf 92' lang='lat' dir='ltr'>de·</span> 
     </span>
     <span class='ocr_line' id='line_1_15' title="bbox 220 1979 1307 2078; baseline -0.001 -21"><span class='ocrx_word' id='word_1_121' title='bbox 220 2001 324 2070; x_wconf 87' lang='lat' dir='ltr'>fluens,</span> <span class='ocrx_word' id='word_1_122' title='bbox 340 2003 391 2061; x_wconf 84' lang='lat' dir='ltr'>sed</span> <span class='ocrx_word' id='word_1_123' title='bbox 404 2003 528 2061; x_wconf 87' lang='lat' dir='ltr'>obstaret</span> <span class='ocrx_word' id='word_1_124' title='bbox 541 1979 757 2078; x_wconf 68' lang='lat' dir='ltr'>sanguisquem</span> <span class='ocrx_word' id='word_1_125' title='bbox 781 2002 846 2073; x_wconf 87' lang='lat' dir='ltr'>quis</span> <span class='ocrx_word' id='word_1_126' title='bbox 867 2021 904 2060; x_wconf 82' lang='lat' dir='ltr'>ex</span> <span class='ocrx_word' id='word_1_127' title='bbox 924 2002 1020 2078; x_wconf 88' lang='lat' dir='ltr'>digitis</span> <span class='ocrx_word' id='word_1_128' title='bbox 1034 2008 1158 2078; x_wconf 89' lang='lat' dir='ltr'>sugeret.</span> <span class='ocrx_word' id='word_1_129' title='bbox 1201 1998 1307 2065; x_wconf 85' lang='lat' dir='ltr'>Culex,</span> 
     </span>
     <span class='ocr_line' id='line_1_16' title="bbox 222 2098 1311 2178; baseline -0.003 -21"><span class='ocrx_word' id='word_1_130' title='bbox 222 2118 321 2158; x_wconf 90' lang='lat' dir='ltr'>musca</span> <span class='ocrx_word' id='word_1_131' title='bbox 344 2102 390 2159; x_wconf 88' lang='lat' dir='ltr'>vel</span> <span class='ocrx_word' id='word_1_132' title='bbox 409 2101 484 2159; x_wconf 93' lang='lat' dir='ltr'>aliud</span> <span class='ocrx_word' id='word_1_133' title='bbox 498 2101 674 2178; x_wconf 83' lang='lat' dir='ltr'>hujusmodi,</span> <span class='ocrx_word' id='word_1_134' title='bbox 696 2102 762 2168; x_wconf 88' lang='lat' dir='ltr'>cibi,</span> <span class='ocrx_word' id='word_1_135' title='bbox 785 2109 881 2178; x_wconf 89' lang='lat' dir='ltr'>potus,</span> <span class='ocrx_word' id='word_1_136' title='bbox 902 2103 949 2160; x_wconf 89' lang='lat' dir='ltr'>vel</span> <span class='ocrx_word' id='word_1_137' title='bbox 971 2100 1121 2159; x_wconf 84' lang='lat' dir='ltr'>medicinae</span> <span class='ocrx_word' id='word_1_138' title='bbox 1143 2118 1203 2158; x_wconf 91' lang='lat' dir='ltr'>non</span> <span class='ocrx_word' id='word_1_139' title='bbox 1225 2098 1311 2157; x_wconf 90' lang='lat' dir='ltr'>habet</span> 
     </span>
     <span class='ocr_line' id='line_1_17' title="bbox 221 2197 1310 2278; baseline 0.001 -23"><span class='ocrx_word' id='word_1_140' title='bbox 221 2200 369 2258; x_wconf 89' lang='lat' dir='ltr'>rationem.</span> <span class='ocrx_word' id='word_1_141' title='bbox 412 2200 597 2268; x_wconf 82' lang='lat' dir='ltr'>Saccharum,</span> <span class='ocrx_word' id='word_1_142' title='bbox 622 2201 787 2278; x_wconf 88' lang='lat' dir='ltr'>glycirriza,</span> <span class='ocrx_word' id='word_1_143' title='bbox 808 2200 854 2257; x_wconf 89' lang='lat' dir='ltr'>vel</span> <span class='ocrx_word' id='word_1_144' title='bbox 875 2201 944 2273; x_wconf 90' lang='lat' dir='ltr'>quid</span> <span class='ocrx_word' id='word_1_145' title='bbox 966 2201 1061 2259; x_wconf 88' lang='lat' dir='ltr'>simile</span> <span class='ocrx_word' id='word_1_146' title='bbox 1083 2201 1113 2258; x_wconf 90' lang='lat' dir='ltr'>in</span> <span class='ocrx_word' id='word_1_147' title='bbox 1133 2217 1181 2258; x_wconf 88' lang='lat' dir='ltr'>ore</span> <span class='ocrx_word' id='word_1_148' title='bbox 1204 2197 1310 2270; x_wconf 88' lang='lat' dir='ltr'>liques·</span> 
     </span>
     <span class='ocr_line' id='line_1_18' title="bbox 221 2296 1312 2378; baseline -0.001 -23"><span class='ocrx_word' id='word_1_149' title='bbox 221 2317 301 2366; x_wconf 89' lang='lat' dir='ltr'>cens,</span> <span class='ocrx_word' id='word_1_150' title='bbox 316 2300 382 2357; x_wconf 93' lang='lat' dir='ltr'>siin</span> <span class='ocrx_word' id='word_1_151' title='bbox 397 2300 576 2358; x_wconf 88' lang='lat' dir='ltr'>stomachum</span> <span class='ocrx_word' id='word_1_152' title='bbox 598 2309 663 2376; x_wconf 90' lang='lat' dir='ltr'>post</span> <span class='ocrx_word' id='word_1_153' title='bbox 683 2299 804 2358; x_wconf 90' lang='lat' dir='ltr'>mediam</span> <span class='ocrx_word' id='word_1_154' title='bbox 827 2309 941 2358; x_wconf 88' lang='lat' dir='ltr'>noctem</span> <span class='ocrx_word' id='word_1_155' title='bbox 962 2299 1184 2378; x_wconf 82' lang='lat' dir='ltr'>transglutiatur,</span> <span class='ocrx_word' id='word_1_156' title='bbox 1198 2298 1253 2356; x_wconf 90' lang='lat' dir='ltr'>cibi</span> <span class='ocrx_word' id='word_1_157' title='bbox 1266 2296 1312 2356; x_wconf 88' lang='lat' dir='ltr'>vel</span> 
     </span>
    </p>
   </div>
   <div class='ocr_carea' id='block_1_3' title="bbox 217 2396 1314 4254">
    <p class='ocr_par' dir='ltr' id='par_1_5' title="bbox 219 2396 1314 2774">
     <span class='ocr_line' id='line_1_19' title="bbox 221 2396 1314 2476; baseline -0.004 -20"><span class='ocrx_word' id='word_1_158' title='bbox 221 2406 305 2474; x_wconf 85' lang='lat' dir='ltr'>potus</span> <span class='ocrx_word' id='word_1_159' title='bbox 319 2399 406 2457; x_wconf 86' lang='lat' dir='ltr'>instar</span> <span class='ocrx_word' id='word_1_160' title='bbox 419 2400 549 2458; x_wconf 87' lang='lat' dir='ltr'>habetur.</span> <span class='ocrx_word' id='word_1_161' title='bbox 584 2399 654 2457; x_wconf 92' lang='lat' dir='ltr'>Non</span> <span class='ocrx_word' id='word_1_162' title='bbox 662 2399 759 2458; x_wconf 45' lang='lat' dir='ltr'>*obstat</span> <span class='ocrx_word' id='word_1_163' title='bbox 772 2417 818 2457; x_wconf 89' lang='lat' dir='ltr'>res</span> <span class='ocrx_word' id='word_1_164' title='bbox 832 2408 951 2475; x_wconf 84' lang='lat' dir='ltr'>gustata,</span> <span class='ocrx_word' id='word_1_165' title='bbox 966 2402 1035 2472; x_wconf 93' lang='lat' dir='ltr'>quin</span> <span class='ocrx_word' id='word_1_166' title='bbox 1050 2399 1229 2476; x_wconf 90' lang='lat' dir='ltr'>deglutiatur,</span> <span class='ocrx_word' id='word_1_167' title='bbox 1241 2396 1314 2456; x_wconf 87' lang='lat' dir='ltr'>sicut</span> 
     </span>
     <span class='ocr_line' id='line_1_20' title="bbox 221 2477 1311 2574; baseline -0.006 -15"><span class='ocrx_word' id='word_1_168' title='bbox 221 2509 325 2559; x_wconf 88' lang='lat' dir='ltr'>matres</span> <span class='ocrx_word' id='word_1_169' title='bbox 341 2498 433 2557; x_wconf 88' lang='lat' dir='ltr'>solent</span> <span class='ocrx_word' id='word_1_170' title='bbox 446 2478 545 2574; x_wconf 89' lang='lat' dir='ltr'>potum</span> <span class='ocrx_word' id='word_1_171' title='bbox 561 2477 713 2553; x_wconf 84' lang='lat' dir='ltr'>infantibus</span> <span class='ocrx_word' id='word_1_172' title='bbox 725 2497 849 2553; x_wconf 89' lang='lat' dir='ltr'>dandum</span> <span class='ocrx_word' id='word_1_173' title='bbox 860 2497 1018 2572; x_wconf 88' lang='lat' dir='ltr'>degustare,</span> <span class='ocrx_word' id='word_1_174' title='bbox 1029 2499 1076 2552; x_wconf 84' lang='lat' dir='ltr'>vel</span> <span class='ocrx_word' id='word_1_175' title='bbox 1090 2497 1204 2568; x_wconf 87' lang='lat' dir='ltr'>“coqui</span> <span class='ocrx_word' id='word_1_176' title='bbox 1217 2497 1311 2553; x_wconf 90' lang='lat' dir='ltr'>cibum</span> 
     </span>
     <span class='ocr_line' id='line_1_21' title="bbox 222 2593 1309 2679; baseline -0.006 -22"><span class='ocrx_word' id='word_1_177' title='bbox 222 2609 250 2657; x_wconf 92' lang='lat' dir='ltr'>et</span> <span class='ocrx_word' id='word_1_178' title='bbox 263 2607 361 2675; x_wconf 90' lang='lat' dir='ltr'>potum</span> <span class='ocrx_word' id='word_1_179' title='bbox 374 2616 462 2674; x_wconf 88' lang='lat' dir='ltr'>supra</span> <span class='ocrx_word' id='word_1_180' title='bbox 475 2597 604 2672; x_wconf 82' lang='lat' dir='ltr'>linguam</span> <span class='ocrx_word' id='word_1_181' title='bbox 619 2602 729 2671; x_wconf 91' lang='lat' dir='ltr'>ponunt</span> <span class='ocrx_word' id='word_1_182' title='bbox 742 2594 834 2652; x_wconf 80' lang='lat' dir='ltr'>solum</span> <span class='ocrx_word' id='word_1_183' title='bbox 849 2594 884 2652; x_wconf 89' lang='lat' dir='ltr'>ad</span> <span class='ocrx_word' id='word_1_184' title='bbox 898 2594 1084 2674; x_wconf 85' lang='lat' dir='ltr'>probandum,</span> <span class='ocrx_word' id='word_1_185' title='bbox 1098 2601 1126 2652; x_wconf 88' lang='lat' dir='ltr'>et</span> <span class='ocrx_word' id='word_1_186' title='bbox 1139 2593 1233 2679; x_wconf 78' lang='lat' dir='ltr'>statim</span> <span class='ocrx_word' id='word_1_187' title='bbox 1246 2612 1309 2672; x_wconf 90' lang='lat' dir='ltr'>pro·</span> 
     </span>
     <span class='ocr_line' id='line_1_22' title="bbox 219 2681 718 2774; baseline 0 -19"><span class='ocrx_word' id='word_1_188' title='bbox 219 2692 372 2774; x_wconf 67' lang='grc' dir='ltr'>]“ἰ6ἰ66ῐ.”2</span> <span class='ocrx_word' id='word_1_189' title='bbox 717 2681 718 2686; x_wconf 21' lang='lat'>¹</span> 
     </span>
    </p>

    <p class='ocr_par' dir='ltr' id='par_1_6' title="bbox 217 2794 1314 3662">
     <span class='ocr_line' id='line_1_23' title="bbox 261 2794 1310 2874; baseline 0 -22"><span class='ocrx_word' id='word_1_190' title='bbox 261 2799 309 2852; x_wconf 83' lang='lat'>65.</span> <span class='ocrx_word' id='word_1_191' title='bbox 332 2794 440 2852; x_wconf 88' lang='lat' dir='ltr'>Tabaci</span> <span class='ocrx_word' id='word_1_192' title='bbox 466 2811 536 2852; x_wconf 84' lang='lat' dir='ltr'>usus</span> <span class='ocrx_word' id='word_1_193' title='bbox 563 2812 614 2870; x_wconf 89' lang='lat' dir='ltr'>per</span> <span class='ocrx_word' id='word_1_194' title='bbox 636 2813 727 2864; x_wconf 87' lang='lat' dir='ltr'>nares,</span> <span class='ocrx_word' id='word_1_195' title='bbox 742 2796 796 2853; x_wconf 88' lang='lat' dir='ltr'>etsi</span> <span class='ocrx_word' id='word_1_196' title='bbox 821 2796 891 2854; x_wconf 90' lang='lat' dir='ltr'>olim</span> <span class='ocrx_word' id='word_1_197' title='bbox 914 2799 1035 2874; x_wconf 85' lang='lat' dir='ltr'>graviter</span> <span class='ocrx_word' id='word_1_198' title='bbox 1059 2795 1217 2873; x_wconf 90' lang='lat' dir='ltr'>prohibitus</span> <span class='ocrx_word' id='word_1_199' title='bbox 1238 2796 1310 2853; x_wconf 88' lang='lat' dir='ltr'>intra</span> 
     </span>
     <span class='ocr_line' id='line_1_24' title="bbox 222 2892 1310 2970; baseline 0.001 -20"><span class='ocrx_word' id='word_1_200' title='bbox 222 2892 361 2967; x_wconf 89' lang='lat' dir='ltr'>quasdam</span> <span class='ocrx_word' id='word_1_201' title='bbox 388 2894 535 2961; x_wconf 87' lang='lat' dir='ltr'>ecclesias,</span> <span class='ocrx_word' id='word_1_202' title='bbox 556 2895 713 2970; x_wconf 76' lang='lat' dir='ltr'>praesertIm</span> <span class='ocrx_word' id='word_1_203' title='bbox 734 2895 766 2954; x_wconf 85' lang='lat' dir='ltr'>S.</span> <span class='ocrx_word' id='word_1_204' title='bbox 794 2895 883 2964; x_wconf 90' lang='lat' dir='ltr'>Petri,</span> <span class='ocrx_word' id='word_1_205' title='bbox 910 2897 946 2954; x_wconf 95' lang='lat' dir='ltr'>ob</span> <span class='ocrx_word' id='word_1_206' title='bbox 972 2915 1107 2956; x_wconf 88' lang='lat' dir='ltr'>nauseam</span> <span class='ocrx_word' id='word_1_207' title='bbox 1130 2895 1310 2961; x_wconf 88' lang='lat' dir='ltr'>adstantium,</span> 
     </span>
     <span class='ocr_line' id='line_1_25' title="bbox 217 2980 1312 3071; baseline 0 -21"><span class='ocrx_word' id='word_1_208' title='bbox 217 2980 331 3071; x_wconf 83' lang='lat' dir='ltr'>jamdiu</span> <span class='ocrx_word' id='word_1_209' title='bbox 347 2993 474 3062; x_wconf 90' lang='lat' dir='ltr'>invaluit,</span> <span class='ocrx_word' id='word_1_210' title='bbox 489 3004 518 3052; x_wconf 88' lang='lat' dir='ltr'>et</span> <span class='ocrx_word' id='word_1_211' title='bbox 531 3013 590 3052; x_wconf 93' lang='lat' dir='ltr'>non</span> <span class='ocrx_word' id='word_1_212' title='bbox 603 2995 695 3052; x_wconf 87' lang='lat' dir='ltr'>obstat</span> <span class='ocrx_word' id='word_1_213' title='bbox 708 2987 931 3064; x_wconf 80' lang='lat' dir='ltr'>communioni,³</span> <span class='ocrx_word' id='word_1_214' title='bbox 944 2996 1099 3057; x_wconf 91' lang='lat' dir='ltr'>dummodo</span> <span class='ocrx_word' id='word_1_215' title='bbox 1120 2999 1183 3071; x_wconf 88' lang='lat' dir='ltr'>quis</span> <span class='ocrx_word' id='word_1_216' title='bbox 1198 3014 1235 3053; x_wconf 85' lang='lat' dir='ltr'>ex</span> <span class='ocrx_word' id='word_1_217' title='bbox 1248 3011 1312 3070; x_wconf 93' lang='lat' dir='ltr'>pro-</span> 
     </span>
     <span class='ocr_line' id='line_1_26' title="bbox 223 3090 1310 3170; baseline -0.001 -19"><span class='ocrx_word' id='word_1_218' title='bbox 223 3094 319 3170; x_wconf 87' lang='lat' dir='ltr'>posito</span> <span class='ocrx_word' id='word_1_219' title='bbox 333 3092 405 3150; x_wconf 89' lang='lat' dir='ltr'>idin</span> <span class='ocrx_word' id='word_1_220' title='bbox 425 3095 604 3153; x_wconf 84' lang='lat' dir='ltr'>stomachum</span> <span class='ocrx_word' id='word_1_221' title='bbox 619 3113 676 3152; x_wconf 92' lang='lat' dir='ltr'>non</span> <span class='ocrx_word' id='word_1_222' title='bbox 692 3094 818 3170; x_wconf 88' lang='lat' dir='ltr'>trajiciat,</span> <span class='ocrx_word' id='word_1_223' title='bbox 833 3095 963 3153; x_wconf 88' lang='lat' dir='ltr'>voluntas</span> <span class='ocrx_word' id='word_1_224' title='bbox 985 3098 1062 3157; x_wconf 92' lang='lat' dir='ltr'>enim</span> <span class='ocrx_word' id='word_1_225' title='bbox 1081 3098 1130 3155; x_wconf 90' lang='lat' dir='ltr'>illa</span> <span class='ocrx_word' id='word_1_226' title='bbox 1148 3093 1258 3153; x_wconf 87' lang='lat' dir='ltr'>videtur</span> <span class='ocrx_word' id='word_1_227' title='bbox 1279 3090 1310 3150; x_wconf 77' lang='lat' dir='ltr'>S.</span> 
     </span>
     <span class='ocr_line' id='line_1_27' title="bbox 224 3191 1310 3270; baseline -0.001 -21"><span class='ocrx_word' id='word_1_228' title='bbox 224 3193 375 3269; x_wconf 83' lang='lat' dir='ltr'>Alphonso</span> <span class='ocrx_word' id='word_1_229' title='bbox 389 3211 547 3270; x_wconf 88' lang='lat' dir='ltr'>repugnare</span> <span class='ocrx_word' id='word_1_230' title='bbox 562 3193 702 3251; x_wconf 81' lang='lat' dir='ltr'>Ecclesiae</span> <span class='ocrx_word' id='word_1_231' title='bbox 718 3191 905 3269; x_wconf 85' lang='lat' dir='ltr'>disciplirrae.⁴</span> <span class='ocrx_word' id='word_1_232' title='bbox 944 3195 1054 3255; x_wconf 86' lang='lat' dir='ltr'>Furnos</span> <span class='ocrx_word' id='word_1_233' title='bbox 1073 3198 1157 3255; x_wconf 90' lang='lat' dir='ltr'>etiam</span> <span class='ocrx_word' id='word_1_234' title='bbox 1171 3193 1260 3252; x_wconf 87' lang='lat' dir='ltr'>tabaci</span> <span class='ocrx_word' id='word_1_235' title='bbox 1274 3209 1310 3249; x_wconf 87' lang='lat' dir='ltr'>ex</span> 
     </span>
     <span class='ocr_line' id='line_1_28' title="bbox 224 3291 1314 3368; baseline 0.001 -20"><span class='ocrx_word' id='word_1_236' title='bbox 224 3291 429 3352; x_wconf 89' lang='lat' dir='ltr'>consuetudine</span> <span class='ocrx_word' id='word_1_237' title='bbox 442 3292 527 3350; x_wconf 91' lang='lat' dir='ltr'>licet:</span> <span class='ocrx_word' id='word_1_238' title='bbox 542 3293 637 3368; x_wconf 89' lang='lat' dir='ltr'>ipsum</span> <span class='ocrx_word' id='word_1_239' title='bbox 661 3302 753 3350; x_wconf 91' lang='lat' dir='ltr'>autem</span> <span class='ocrx_word' id='word_1_240' title='bbox 773 3293 874 3350; x_wconf 87' lang='lat' dir='ltr'>folium</span> <span class='ocrx_word' id='word_1_241' title='bbox 895 3292 1026 3354; x_wconf 89' lang='lat' dir='ltr'>dentibus</span> <span class='ocrx_word' id='word_1_242' title='bbox 1047 3293 1237 3364; x_wconf 68' lang='lat' dir='ltr'>manderent</span> <span class='ocrx_word' id='word_1_243' title='bbox 1259 3292 1314 3349; x_wconf 84' lang='lat' dir='ltr'>vit·</span> 
     </span>
     <span class='ocr_line' id='line_1_29' title="bbox 224 3389 1313 3470; baseline 0.002 -24"><span class='ocrx_word' id='word_1_244' title='bbox 224 3399 313 3447; x_wconf 88' lang='lat' dir='ltr'>tutem</span> <span class='ocrx_word' id='word_1_245' title='bbox 328 3389 472 3466; x_wconf 87' lang='lat' dir='ltr'>expuendi</span> <span class='ocrx_word' id='word_1_246' title='bbox 493 3391 628 3468; x_wconf 88' lang='lat' dir='ltr'>phlegma</span> <span class='ocrx_word' id='word_1_247' title='bbox 648 3391 683 3448; x_wconf 90' lang='lat' dir='ltr'>ad</span> <span class='ocrx_word' id='word_1_248' title='bbox 702 3393 880 3450; x_wconf 89' lang='lat' dir='ltr'>stomachum</span> <span class='ocrx_word' id='word_1_249' title='bbox 902 3392 1035 3452; x_wconf 90' lang='lat' dir='ltr'>immittat</span> <span class='ocrx_word' id='word_1_250' title='bbox 1052 3414 1105 3470; x_wconf 89' lang='lat' dir='ltr'>per</span> <span class='ocrx_word' id='word_1_251' title='bbox 1125 3396 1240 3458; x_wconf 81' lang='lat' dir='ltr'>nervos,</span> <span class='ocrx_word' id='word_1_252' title='bbox 1254 3410 1313 3450; x_wconf 90' lang='lat' dir='ltr'>non</span> 
     </span>
     <span class='ocr_line' id='line_1_30' title="bbox 224 3487 1313 3566; baseline 0 -22"><span class='ocrx_word' id='word_1_253' title='bbox 224 3487 317 3555; x_wconf 84' lang='lat' dir='ltr'>decet,</span> <span class='ocrx_word' id='word_1_254' title='bbox 332 3489 462 3560; x_wconf 81' lang='lat' dir='ltr'>quamvis</span> <span class='ocrx_word' id='word_1_255' title='bbox 480 3490 543 3566; x_wconf 89' lang='lat' dir='ltr'>lege</span> <span class='ocrx_word' id='word_1_256' title='bbox 558 3509 615 3546; x_wconf 92' lang='lat' dir='ltr'>non</span> <span class='ocrx_word' id='word_1_257' title='bbox 635 3489 826 3566; x_wconf 89' lang='lat' dir='ltr'>prohibeatur.</span> <span class='ocrx_word' id='word_1_258' title='bbox 867 3490 1019 3550; x_wconf 89' lang='lat' dir='ltr'>Venialem</span> <span class='ocrx_word' id='word_1_259' title='bbox 1039 3499 1130 3548; x_wconf 86' lang='lat' dir='ltr'>autern</span> <span class='ocrx_word' id='word_1_260' title='bbox 1153 3490 1264 3564; x_wconf 86' lang='lat' dir='ltr'>culpem</span> <span class='ocrx_word' id='word_1_261' title='bbox 1283 3490 1313 3545; x_wconf 92' lang='lat' dir='ltr'>in</span> 
     </span>
     <span class='ocr_line' id='line_1_31' title="bbox 225 3578 894 3662; baseline 0.003 -20"><span class='ocrx_word' id='word_1_262' title='bbox 225 3605 259 3642; x_wconf 86' lang='lat' dir='ltr'>ea</span> <span class='ocrx_word' id='word_1_263' title='bbox 274 3587 404 3661; x_wconf 74' lang='lat' dir='ltr'>agnoseit</span> <span class='ocrx_word' id='word_1_264' title='bbox 417 3589 449 3642; x_wconf 83' lang='lat' dir='ltr'>S.</span> <span class='ocrx_word' id='word_1_265' title='bbox 465 3587 643 3662; x_wconf 82' lang='lat' dir='ltr'>Alphonsus,</span> <span class='ocrx_word' id='word_1_266' title='bbox 658 3587 683 3642; x_wconf 92' lang='lat' dir='ltr'>si</span> <span class='ocrx_word' id='word_1_267' title='bbox 696 3578 894 3644; x_wconf 45' lang='lat' dir='ltr'>causa&#39;desit.⁵</span> 
     </span>
    </p>

    <p class='ocr_par' dir='ltr' id='par_1_7' title="bbox 224 3682 1314 4254">
     <span class='ocr_line' id='line_1_32' title="bbox 264 3682 1312 3762; baseline 0.001 -24"><span class='ocrx_word' id='word_1_268' title='bbox 264 3685 313 3738; x_wconf 91' lang='grc'>66.</span> <span class='ocrx_word' id='word_1_269' title='bbox 337 3682 515 3739; x_wconf 82' lang='lat' dir='ltr'>“Sententia</span> <span class='ocrx_word' id='word_1_270' title='bbox 540 3684 699 3741; x_wconf 90' lang='lat' dir='ltr'>communis</span> <span class='ocrx_word' id='word_1_271' title='bbox 730 3683 823 3751; x_wconf 92' lang='lat' dir='ltr'>docet,</span> <span class='ocrx_word' id='word_1_272' title='bbox 850 3685 968 3743; x_wconf 91' lang='lat' dir='ltr'>minime</span> <span class='ocrx_word' id='word_1_273' title='bbox 994 3685 1085 3760; x_wconf 87' lang='lat' dir='ltr'>frangi</span> <span class='ocrx_word' id='word_1_274' title='bbox 1106 3683 1260 3762; x_wconf 89' lang='lat' dir='ltr'>jejunium,</span> <span class='ocrx_word' id='word_1_275' title='bbox 1287 3683 1312 3740; x_wconf 86' lang='lat' dir='ltr'>si</span> 
     </span>
     <span class='ocr_line' id='line_1_33' title="bbox 224 3779 1312 3860; baseline 0.002 -22"><span class='ocrx_word' id='word_1_276' title='bbox 224 3779 343 3838; x_wconf 91' lang='lat' dir='ltr'>edantur</span> <span class='ocrx_word' id='word_1_277' title='bbox 352 3798 397 3836; x_wconf 89' lang='lat' dir='ltr'>res</span> <span class='ocrx_word' id='word_1_278' title='bbox 413 3782 531 3838; x_wconf 89' lang='lat' dir='ltr'>omnino</span> <span class='ocrx_word' id='word_1_279' title='bbox 544 3781 761 3858; x_wconf 84' lang='lat' dir='ltr'>indigestibiles,</span> <span class='ocrx_word' id='word_1_280' title='bbox 775 3792 806 3840; x_wconf 92' lang='lat' dir='ltr'>ut</span> <span class='ocrx_word' id='word_1_281' title='bbox 819 3791 886 3841; x_wconf 88' lang='lat' dir='ltr'>sunt</span> <span class='ocrx_word' id='word_1_282' title='bbox 898 3782 1003 3858; x_wconf 87' lang='lat' dir='ltr'>capilli,</span> <span class='ocrx_word' id='word_1_283' title='bbox 1017 3801 1140 3860; x_wconf 88' lang='lat' dir='ltr'>ungues,</span> <span class='ocrx_word' id='word_1_284' title='bbox 1154 3782 1312 3847; x_wconf 89' lang='lat' dir='ltr'>metallum,</span> 
     </span>
     <span class='ocr_line' id='line_1_34' title="bbox 224 3878 1312 3959; baseline 0 -21"><span class='ocrx_word' id='word_1_285' title='bbox 224 3882 338 3947; x_wconf 86' lang='lat' dir='ltr'>vitrum,</span> <span class='ocrx_word' id='word_1_286' title='bbox 353 3878 401 3937; x_wconf 88' lang='lat' dir='ltr'>fila</span> <span class='ocrx_word' id='word_1_287' title='bbox 414 3898 450 3937; x_wconf 84' lang='lat' dir='ltr'>ex</span> <span class='ocrx_word' id='word_1_288' title='bbox 466 3879 558 3938; x_wconf 89' lang='lat' dir='ltr'>serico</span> <span class='ocrx_word' id='word_1_289' title='bbox 578 3889 625 3937; x_wconf 88' lang='lat' dir='ltr'>aut</span> <span class='ocrx_word' id='word_1_290' title='bbox 644 3880 718 3947; x_wconf 87' lang='lat' dir='ltr'>lana,</span> <span class='ocrx_word' id='word_1_291' title='bbox 732 3882 855 3938; x_wconf 83' lang='lat' dir='ltr'>ossicula</span> <span class='ocrx_word' id='word_1_292' title='bbox 869 3881 1009 3939; x_wconf 86' lang='lat' dir='ltr'>fructuum</span> <span class='ocrx_word' id='word_1_293' title='bbox 1030 3881 1147 3940; x_wconf 81' lang='lat' dir='ltr'>omnIno</span> <span class='ocrx_word' id='word_1_294' title='bbox 1161 3880 1312 3959; x_wconf 88' lang='lat' dir='ltr'>depurata:</span> 
     </span>
     <span class='ocr_line' id='line_1_35' title="bbox 225 3973 1314 4054; baseline 0.002 -16"><span class='ocrx_word' id='word_1_295' title='bbox 225 3973 292 4054; x_wconf 88' lang='lat' dir='ltr'>quia</span> <span class='ocrx_word' id='word_1_296' title='bbox 312 3979 382 4037; x_wconf 88' lang='lat' dir='ltr'>haec</span> <span class='ocrx_word' id='word_1_297' title='bbox 396 3999 449 4038; x_wconf 91' lang='lat' dir='ltr'>nec</span> <span class='ocrx_word' id='word_1_298' title='bbox 463 3979 599 4048; x_wconf 90' lang='lat' dir='ltr'>nutriunt,</span> <span class='ocrx_word' id='word_1_299' title='bbox 614 3997 667 4037; x_wconf 89' lang='lat' dir='ltr'>nec</span> <span class='ocrx_word' id='word_1_300' title='bbox 687 3981 825 4038; x_wconf 90' lang='lat' dir='ltr'>rationem</span> <span class='ocrx_word' id='word_1_301' title='bbox 846 3979 951 4038; x_wconf 89' lang='lat' dir='ltr'>habent</span> <span class='ocrx_word' id='word_1_302' title='bbox 970 3980 1044 4052; x_wconf 82' lang='lat' dir='ltr'>cibi3</span> <span class='ocrx_word' id='word_1_303' title='bbox 1066 3980 1201 4040; x_wconf 82' lang='lat' dir='ltr'>Ecclesia</span> <span class='ocrx_word' id='word_1_304' title='bbox 1220 3991 1314 4040; x_wconf 87' lang='lat' dir='ltr'>autem</span> 
     </span>
     <span class='ocr_line' id='line_1_36' title="bbox 225 4079 1314 4158; baseline -0.004 -20"><span class='ocrx_word' id='word_1_305' title='bbox 225 4089 333 4138; x_wconf 87' lang='lat' dir='ltr'>tantum</span> <span class='ocrx_word' id='word_1_306' title='bbox 353 4080 493 4156; x_wconf 87' lang='lat' dir='ltr'>prohibet,</span> <span class='ocrx_word' id='word_1_307' title='bbox 507 4097 544 4137; x_wconf 93' lang='grc'>66</span> <span class='ocrx_word' id='word_1_308' title='bbox 558 4087 685 4137; x_wconf 84' lang='lat' dir='ltr'>sumatur</span> <span class='ocrx_word' id='word_1_309' title='bbox 699 4079 879 4138; x_wconf 89' lang='lat' dir='ltr'>Eucharistia</span> <span class='ocrx_word' id='word_1_310' title='bbox 898 4088 963 4157; x_wconf 87' lang='lat' dir='ltr'>post</span> <span class='ocrx_word' id='word_1_311' title='bbox 976 4081 1081 4150; x_wconf 85' lang='lat' dir='ltr'>eibum,</span> <span class='ocrx_word' id='word_1_312' title='bbox 1099 4090 1147 4139; x_wconf 89' lang='lat' dir='ltr'>aut</span> <span class='ocrx_word' id='word_1_313' title='bbox 1159 4090 1269 4158; x_wconf 91' lang='lat' dir='ltr'>potum,</span> <span class='ocrx_word' id='word_1_314' title='bbox 1283 4087 1314 4135; x_wconf 86' lang='lat' dir='ltr'>ut</span> 
     </span>
     <span class='ocr_line' id='line_1_37' title="bbox 225 4177 1314 4254; baseline -0.006 -17"><span class='ocrx_word' id='word_1_315' title='bbox 225 4188 303 4254; x_wconf 84' lang='lat' dir='ltr'>patet</span> <span class='ocrx_word' id='word_1_316' title='bbox 321 4197 357 4237; x_wconf 85' lang='lat' dir='ltr'>ex</span> <span class='ocrx_word' id='word_1_317' title='bbox 372 4180 495 4240; x_wconf 84' lang='lat' dir='ltr'>coneilio</span> <span class='ocrx_word' id='word_1_318' title='bbox 510 4179 652 4238; x_wconf 88' lang='lat' dir='ltr'>Toletano</span> <span class='ocrx_word' id='word_1_319' title='bbox 665 4179 750 4238; x_wconf 90' lang='lat' dir='ltr'><strong>VIII.</strong></span> <span class='ocrx_word' id='word_1_320' title='bbox 765 4197 828 4237; x_wconf 88' lang='grc'><strong>666.</strong></span> <span class='ocrx_word' id='word_1_321' title='bbox 843 4179 883 4236; x_wconf 94' lang='grc' dir='ltr'>ΙΙ.</span> <span class='ocrx_word' id='word_1_322' title='bbox 897 4177 945 4237; x_wconf 83' lang='lat' dir='ltr'>ubi</span> <span class='ocrx_word' id='word_1_323' title='bbox 966 4179 1084 4239; x_wconf 86' lang='lat' dir='ltr'>dicitur:</span> <span class='ocrx_word' id='word_1_324' title='bbox 1107 4180 1230 4239; x_wconf 86' lang='lat' dir='ltr'>‘Nullus</span> <span class='ocrx_word' id='word_1_325' title='bbox 1249 4185 1314 4254; x_wconf 88' lang='lat' dir='ltr'>post</span> 
     </span>
    </p>
   </div>
   <div class='ocr_carea' id='block_1_4' title="bbox 165 4315 1308 4590">
    <p class='ocr_par' dir='ltr' id='par_1_8' title="bbox 165 4315 1308 4590">
     <span class='ocr_line' id='line_1_38' title="bbox 262 4315 1308 4423; baseline 0.011 -22"><span class='ocrx_word' id='word_1_326' title='bbox 262 4356 304 4421; x_wconf 89' lang='lat'>(1)</span> <span class='ocrx_word' id='word_1_327' title='bbox 323 4355 611 4421; x_wconf 56' lang='grc'><strong>6666666666.</strong></span> <span class='ocrx_word' id='word_1_328' title='bbox 682 4315 684 4319; x_wconf 51' lang='grc'><strong>’</strong></span> <span class='ocrx_word' id='word_1_329' title='bbox 741 4357 783 4422; x_wconf 83' lang='grc'>(6)</span> <span class='ocrx_word' id='word_1_330' title='bbox 802 4353 1308 4423; x_wconf 65' lang='lat' dir='ltr'>mancepacncxntoapaasfl·</span> 
     </span>
     <span class='ocr_line' id='line_1_39' title="bbox 259 4437 835 4505; baseline 0.002 -19"><span class='ocrx_word' id='word_1_331' title='bbox 259 4440 302 4504; x_wconf 82' lang='grc'>(3)</span> <span class='ocrx_word' id='word_1_332' title='bbox 321 4437 413 4488; x_wconf 85' lang='lat' dir='ltr'>Bened.</span> <span class='ocrx_word' id='word_1_333' title='bbox 424 4440 494 4489; x_wconf 87' lang='lat' dir='ltr'><strong>XIV.</strong></span> <span class='ocrx_word' id='word_1_334' title='bbox 506 4440 537 4490; x_wconf 89' lang='lat' dir='ltr'>de</span> <span class='ocrx_word' id='word_1_335' title='bbox 548 4441 656 4505; x_wconf 83' lang='lat' dir='ltr'>Synodo,</span> <span class='ocrx_word' id='word_1_336' title='bbox 667 4442 683 4492; x_wconf 87' lang='grc' dir='ltr'>Ι.</span> <span class='ocrx_word' id='word_1_337' title='bbox 694 4441 734 4492; x_wconf 84' lang='lat' dir='ltr'><strong>vii.</strong></span> <span class='ocrx_word' id='word_1_338' title='bbox 743 4456 765 4491; x_wconf 90' lang='grc'>6.</span> <span class='ocrx_word' id='word_1_339' title='bbox 775 4438 835 4489; x_wconf 86' lang='lat' dir='ltr'>lxiii.</span> 
     </span>
     <span class='ocr_line' id='line_1_40' title="bbox 165 4519 900 4590; baseline 0.003 -21"><span class='ocrx_word' id='word_1_340' title='bbox 165 4540 167 4546; x_wconf 83' lang='lat'><em>.</em></span> <span class='ocrx_word' id='word_1_341' title='bbox 263 4521 304 4588; x_wconf 87' lang='lat'>(4)</span> <span class='ocrx_word' id='word_1_342' title='bbox 325 4519 351 4568; x_wconf 86' lang='lat' dir='ltr'>s.</span> <span class='ocrx_word' id='word_1_343' title='bbox 365 4520 610 4586; x_wconf 59' lang='lat' dir='ltr'>npnraraaeo.</span> <span class='ocrx_word' id='word_1_344' title='bbox 740 4524 781 4590; x_wconf 76' lang='lat' dir='ltr'>(a)</span> <span class='ocrx_word' id='word_1_345' title='bbox 801 4522 900 4573; x_wconf 74' lang='lat' dir='ltr'>nrum.</span> 
     </span>
    </p>
   </div>
   <div class='ocr_carea' id='block_1_5' title="bbox 0 0 1596 5172">
    <p class='ocr_par' dir='ltr' id='par_1_9' title="bbox 0 0 1596 5172">
     <span class='ocr_line' id='line_1_41' title="bbox 0 0 1596 5172; baseline 0 0"><span class='ocrx_word' id='word_1_346' title='bbox 0 0 1596 5172; x_wconf 95' lang='lat' dir='ltr'> </span> 
     </span>
    </p>
   </div>
  </div>
 </body>
</html>
