3108 5162
474 576 531 638 Du
554 575 728 638 NATURA
748 575 1023 640 Mlultlntonlu
1235 582 1295 638 29⁶

209 757 284 799 novo
298 749 377 800 reatu
389 748 507 811 tenetur,
522 733 670 802 nonenim
689 744 819 821 suscipit,
833 744 879 804 vel
892 742 1070 803 administrat
1089 750 1295 802 sacramentum

210 838 288 911 quod
300 839 524 900 contrahentium
537 850 589 900 est.

250 943 300 1000 30.
316 938 483 999 Consensus
491 939 718 999 contrahentium
726 939 868 1016 imprimis
878 939 1055 998 necessarius
1064 948 1107 996 ast
1116 938 1190 998 utsit
1199 939 1295 999 matri·

211 1037 349 1106 monium,
361 1039 410 1111 qni
424 1037 539 1111 quidem
554 1037 636 1096 debet
647 1056 712 1096 esse
725 1057 809 1096 verus
823 1047 852 1096 et
869 1039 1007 1106 internus,
1022 1046 1147 1106 mutnus,
1160 1038 1243 1107 liber,
1257 1056 1295 1096 ex

209 1136 296 1195 animi
309 1135 511 1197 deliberatione
524 1136 677 1216 proiectus,
689 1145 717 1194 et
736 1156 788 1213 per
807 1138 894 1195 verba
913 1137 949 1197 de
969 1137 1103 1214 praesenti
1121 1138 1293 1196 enuntiatus.

208 1233 482 1305 “Matrimonium’'
493 1235 694 1309 inquitlnnoc.
706 1235 773 1304 ΙΙΙ.,
783 1237 958 1296 “inveritate
966 1234 1139 1296 contrahitur
1147 1235 1296 1313 perlegiti-

207 1351 286 1392 mum
296 1335 386 1394 viriet
394 1336 521 1394 mulieris
532 1328 754 1393 consensum.’'¹
775 1334 1296 1410 Hincsialteruterfingatseconsen·

207 1432 270 1499 tire,
285 1432 391 1507 absque
405 1430 601 1492 consentiendi
614 1432 745 1500 consilio,
760 1451 818 1490 non
832 1433 975 1508 perficitur
993 1432 1215 1500 matrimonium,
1228 1432 1297 1491 licet

209 1531 339 1600 coierint,
353 1533 395 1590 uti
409 1531 478 1591 olim
491 1531 619 1590 decrevit
638 1530 821 1588 Innocentius
834 1531 890 1589 III.
905 1529 940 1588 de
957 1530 1072 1589 homine
1085 1530 1134 1603 qui
1147 1531 1296 1590 mulierem

209 1627 367 1704 deceperat,
381 1629 473 1688 alieno
487 1629 603 1687 nomine
617 1646 791 1687 consensum
805 1629 964 1696 enuntians,
980 1629 1048 1702 quin
1064 1629 1159 1688 animo
1173 1647 1294 1688 consen·

211 1726 290 1782 tiret:
314 1727 376 1784 “Si
396 1745 441 1786 res
461 1728 500 1786 ita
519 1745 551 1784 se
571 1726 666 1795 habet,
681 1726 812 1785 videlicet
831 1726 907 1798 quod
927 1726 973 1784 ille
987 1745 1050 1785 eam
1071 1745 1128 1785 non
1147 1728 1296 1805 proposuit

210 1823 314 1882 ducere
335 1826 365 1883 in
385 1844 516 1893 uxorem,
530 1842 584 1882 nec
602 1842 728 1898 unquam
748 1826 892 1883 consensit
904 1827 933 1883 in
955 1824 1117 1900 praedictam
1131 1845 1294 1903 personam,

210 1940 268 1982 non
282 1922 367 1981 debet
379 1941 416 1982 ex
429 1923 478 1983 illo
491 1924 565 1982 facto
579 1924 745 2001 conjugium
754 1922 887 1999 judicari,
902 1941 967 1982 cum
981 1925 1011 1983 in
1025 1943 1059 1984 eo
1074 1943 1127 1982 nec
1140 1925 1296 1983 substantia

209 2022 366 2099 conjugalis
395 2031 564 2090 contractus,
592 2041 646 2080 nec
672 2021 764 2081 sornra
795 2021 981 2080 contrahendi
1007 2023 1172 2099 conjugium
1204 2023 1297 2081 valeat

206 2121 344 2190 inveniri3
366 2122 501 2194 quoniam
521 2139 558 2178 ex
572 2120 657 2179 altera
670 2130 747 2198 parte
760 2118 841 2179 dolus
854 2120 1035 2179 solummodo
1049 2119 1147 2190 affetu
1169 2131 1197 2179 et
1206 2121 1297 2180 delult

208 2221 326 2279 omnino
345 2239 514 2287 consensus,
528 2221 590 2278 sine
602 2237 659 2293 quo
672 2229 773 2278 cetera
785 2228 930 2292 nequeunt
942 2219 1033 2278 soedns
1048 2221 1183 2297 perficere
1197 2221 1296 2299 conju·

210 2311 321 2394 gale.”²
361 2317 505 2377 Ceterum
526 2318 555 2375 in
574 2319 636 2377 soro
656 2329 776 2378 externo
796 2337 954 2378 consensus
980 2321 1159 2396 praesumitur
1184 2321 1295 2392 quoties

213 2416 424 2475 matrimonium
445 2417 558 2493 publice
572 2418 673 2477 initum
687 2419 734 2484 sit,
749 2436 802 2476 nec
816 2416 966 2476 attenditur
984 2418 1142 2478 alterutrius
1162 2419 1294 2495 negatio:

211 2525 321 2572 tenetur
333 2515 417 2573 etiam
431 2516 461 2574 in
474 2516 648 2574 conscientia
662 2516 796 2594 deceptor
809 2534 938 2592 reparare
951 2517 1083 2594 injuriam
1098 2534 1163 2574 vere
1177 2535 1296 2575 consen·

210 2612 315 2682 tiendo,
342 2614 400 2686 nisi
419 2615 587 2692 gravissima
609 2625 730 2675 excuset
750 2633 817 2673 enm
842 2617 924 2684 ratio,
949 2635 984 2676 v:
1006 2634 1042 2692 g:
1064 2615 1141 2688 quod
1163 2615 1294 2692 deceptio

140 2755 144 2768 .
209 2713 332 2790 potuerit
350 2713 435 2772 facile
453 2714 559 2791 conjici
585 2715 631 2774 vel
651 2713 728 2790 quod
748 2715 851 2774 mulier
869 2714 996 2776 moribus
1016 2715 1054 2773 sit
1072 2715 1236 2783 levioribus,
1250 2714 1297 2772 vel

211 2812 374 2872 conditione
388 2813 447 2872 vili.

248 2915 297 2970 31.
320 2911 489 2970 consensus
503 2910 691 2988 deprecanti
703 2929 766 2970 esse
780 2912 872 2982 debet,
886 2921 1058 2989 quapropter
1069 2913 1226 2989 Gregorius
1239 2912 1293 2971 lX.

211 3010 342 3086 scripsit:
365 3017 385 3045 “
395 3009 428 3066 si
448 3011 521 3068 inter
533 3010 626 3069 virum
647 3019 675 3069 et
687 3012 835 3069 mulierem
847 3011 990 3086 legitimus
1004 3029 1162 3070 consensus
1176 3013 1296 3070 interre-

208 3110 268 3168 niat
280 3107 316 3166 de
330 3111 473 3184 presenti,
484 3109 523 3166 ita
536 3107 614 3182 quod
633 3128 707 3168 unus
721 3110 840 3168 alterurn
853 3118 953 3172 mutuo
966 3127 1109 3168 consensu
1122 3109 1215 3166 verbis
1229 3127 1296 3167 con·

211 3209 300 3266 suetis
312 3225 450 3283 expresso
463 3209 592 3284 recipiat,
602 3217 725 3282 utroque
735 3208 864 3268 dicente:
880 3205 953 3284 Ego
966 3213 994 3265 te
1007 3206 1041 3266 im
1053 3224 1151 3266 meum
1164 3205 1296 3283 occipio.-

210 3316 249 3374 et,
263 3323 319 3384 ego
333 3313 361 3364 tc
373 3306 486 3384 occipio
500 3307 535 3366 r'n
546 3325 648 3366 meum
655 3329 669 3377 ,·
690 3308 735 3365 vel
748 3309 803 3366 alia
815 3307 900 3364 verba
919 3323 1092 3365 consensum
1107 3305 1297 3382 exprimentia

211 3405 248 3464 de
262 3406 404 3482 presenti,
418 3407 479 3464 sive
502 3407 539 3464 sit
554 3407 748 3483 juramentum
760 3405 967 3483 interpositum,
989 3406 1049 3463 sive
1063 3423 1138 3472 nont
1159 3404 1298 3462 nonlicet

212 3505 292 3564 alteri
306 3503 341 3562 ad
354 3504 409 3563 alia
422 3514 486 3564 vota
499 3499 667 3563 transire.''³
740 3583 745 3588 Α

251 3609 301 3662 32.
323 3602 418 3662 Debet
442 3622 506 3661 esse
526 3609 653 3664 mutuor
675 3620 846 3670 consensus,
866 3609 910 3660 est
932 3601 1008 3661 enim
1030 3599 1150 3662 duorum
1164 3610 1297 3678 pactum;

210 3701 330 3777 ideoque
344 3704 394 3776 qui
408 3721 583 3764 consensum
605 3703 684 3780 prius
705 3702 841 3769 enuntiat,
855 3719 914 3761 non
927 3709 1036 3760 tenetur
1050 3702 1224 3762 matrimonii
1237 3703 1297 3760 vin-

210 3802 285 3871 culo,
300 3803 357 3860 nisi
370 3804 471 3863 mrdier
484 3819 659 3861 consensum
673 3802 757 3860 ctiam
771 3808 893 3878 prestet.
934 3800 1029 3860 Debet
1041 3802 1127 3862 simul
1134 3802 1209 3870 dari,
1224 3801 1296 3860 adeo

119 3931 124 3939 ·
210 3908 242 3956 nt
263 3900 394 3974 prudenti
410 3901 520 3978 judicio
541 3910 660 3973 uterque
683 3898 786 3958 eodem
806 3908 934 3977 tempore
956 3901 1117 3958 consentire
1130 3906 1294 3958 censeatur:

212 3994 263 4054 sed
284 3997 309 4053 si
330 3997 414 4054 breve
439 4000 477 4056 sit
499 4001 636 4075 temporis
662 3998 851 4068 intervallum,
873 4008 901 4056 et
924 3999 995 4056 alter
1014 4006 1113 4074 pergat
1135 3996 1296 4054 consentire

212 4094 317 4162 animo,
332 4113 490 4153 consensus
504 4097 619 4155 alterius
632 4097 699 4155 hnic
713 4097 847 4156 accedere
867 4104 895 4154 et
914 4097 1050 4172 conjungi
1065 4095 1191 4152 videtur:
1214 4111 1296 4152 secus

212 4192 237 4250 si
250 4210 409 4252 cousensus
421 4203 568 4252 reuocatus
582 4196 620 4254 sit
631 4194 698 4253 dum
713 4197 782 4254 alter
792 4195 918 4255 differret
927 4211 1009 4253 suum
1025 4193 1180 4250 enuntiare.

250 4296 299 4350 33.
322 4291 416 4351 Liber
441 4309 600 4351 consensus
624 4294 783 4367 requiritur,
803 4313 869 4353 nam
890 4301 1059 4359 contractus,
1082 4292 1238 4368 presertim
1263 4290 1299 4349 de

311 4451 354 4516 (1)
375 4448 437 4514 (lap.
446 4464 504 4498 xxv.
516 4449 545 4501 dc
555 4447 721 4516 sponsalibus.
927 4448 969 4514 (2)
989 4446 1088 4507 Ibidem,
1099 4463 1120 4497 c.
1132 4448 1198 4500 xxvi.

315 4534 358 4600 (3)
378 4532 440 4600 (lep.
451 4531 520 4584 xxxi.
531 4531 560 4584 de
571 4532 736 4600 pometum.
748 4539 772 4584 et
779 4549 832 4598 cap.
842 4531 876 4581 iii.
887 4530 917 4582 de
926 4545 1017 4598 sponso
1028 4529 1145 4582 duorum.
