3144 5192
260 547 319 602 240
517 539 574 598 ΒΕ
596 539 780 600 MUNERE
802 537 1092 598 CONFESSARII.

261 706 404 766 Ceterum
424 725 512 780 quum
535 707 664 786 episcopi
689 715 827 792 nostrates
854 723 913 764 non
932 707 1134 765 consueverint
1159 721 1226 763 cum
1244 706 1348 782 judicii

260 806 382 865 forensis
391 816 526 883 apparatu
536 807 700 885 procedere,
712 805 822 865 videtur
830 804 896 864 finis
906 803 978 881 legis
987 807 1130 882 praecipue
1140 804 1349 881 respiciendus,

261 906 311 978 qui
324 912 368 962 est
379 915 411 964 ut
432 906 602 965 sacramenti
621 907 753 964 sanctitas
776 913 911 970 servetur,
931 913 960 962 et
979 904 1155 964 vindicetur:
1178 913 1350 981 quapropter

260 1005 285 1062 si
299 1003 378 1062 nefas
391 1005 447 1064 hoc
460 1005 568 1064 admitti
589 1005 737 1081 contigerit
757 1001 847 1083 (quod
860 1002 933 1060 absit
941 1001 962 1083 l)
984 1021 1048 1062 reus
1068 1005 1121 1062 erit
1139 1004 1287 1079 episcopo,
1302 1003 1349 1059 rel

260 1105 323 1181 ejus
337 1104 451 1172 vicario,
466 1124 482 1161 a
496 1103 612 1162 muliere
627 1103 688 1178 ipsa
701 1101 926 1160 denuntiandus:
948 1103 994 1160 vel
1007 1104 1032 1160 si
1046 1121 1105 1180 prae
1125 1101 1297 1160 verecundia
1316 1100 1346 1158 id

261 1202 354 1261 facere
367 1213 486 1268 rccuset,
501 1202 546 1259 vel
556 1201 664 1258 itineris
677 1199 809 1259 distantia
822 1198 1002 1278 impediatur,
1016 1201 1208 1260 confessarius
1223 1201 1268 1257 cui
1282 1199 1348 1258 soli-

262 1303 424 1360 citationem
445 1299 552 1382 pandit,
566 1301 611 1358 vel
625 1301 719 1376 potius
739 1299 810 1358 alius
831 1297 973 1368 sacerdos,
996 1318 1030 1358 ca
1050 1309 1177 1377 rogante,
1192 1300 1294 1376 poterit
1313 1296 1350 1355 de

261 1399 368 1458 scelere
383 1407 488 1456 tentato
507 1400 676 1477 episcopum
696 1398 789 1457 facere
811 1399 970 1457 certiorem.
1012 1399 1046 1458 Si
1066 1401 1129 1476 ipsa
1149 1399 1221 1458 nolit
1243 1415 1349 1458 nomen

261 1515 344 1556 suum
358 1499 495 1575 episcopo
516 1499 707 1566 manifestare,
728 1499 774 1556 vel
794 1498 1038 1557 denuntiationem
1051 1497 1165 1556 firmare
1175 1498 1346 1574 juramento,

261 1596 307 1654 rel
328 1596 383 1653 alia
407 1615 470 1669 quae
491 1599 521 1656 in
546 1599 669 1656 solemni
688 1597 900 1656 denuntiatione
922 1595 1083 1656 necessariis
1110 1595 1250 1655 servanda
1268 1605 1343 1662 sunt,

262 1711 382 1762 servare,
401 1714 459 1754 non
474 1696 702 1763 videturidoiroo
715 1695 880 1772 repellenda
893 1715 910 1752 a
928 1696 1123 1763 sacramentis,
1137 1693 1293 1755 dummodo
1313 1693 1347 1752 de

262 1794 303 1852 rei
322 1795 438 1853 veritate
458 1797 525 1855 satis
546 1795 658 1856 aliunde
678 1804 798 1853 constet.
839 1795 1006 1870 Episcopus
1026 1803 1120 1854 autem
1141 1804 1222 1852 caute
1245 1804 1273 1852 et
1285 1811 1348 1870 pru·

261 1891 360 1952 denter
372 1905 580 1954 sacramentum
593 1895 630 1952 ita
641 1891 892 1970 vindicetoportet,
902 1901 934 1950 ut
947 1911 984 1952 ex
994 1894 1099 1952 incerta
1112 1894 1233 1970 alicujus
1242 1893 1347 1951 denun-

262 1993 377 2052 tiatione
390 1992 530 2052 sacerdoti
544 1993 632 2071 probo
646 2002 675 2051 ct
688 1993 737 2069 pio
756 1992 828 2050 nihil
850 1992 1026 2052 incommodi
1045 1993 1206 2070 contingat:
1228 1991 1304 2066 quod
1324 1994 1349 2050 si

262 2089 297 2148 dc
311 2093 352 2149 rei
366 2095 480 2150 veritate
495 2093 571 2151 nulla
584 2093 622 2149 sit
635 2091 780 2151 dubitandi
799 2109 894 2158 causa,
909 2111 926 2148 a
945 2093 1125 2150 sanctissimo
1139 2110 1258 2151 munere
1274 2109 1350 2149 amo·

261 2187 368 2247 vendus
386 2200 429 2247 est
449 2189 535 2249 homo
556 2191 703 2258 scelestus,
717 2209 753 2248 ne
775 2190 921 2249 animabus
947 2189 1074 2249 insidiari
1099 2201 1208 2268 pergat.
1251 2191 1349 2250 Poenae

262 2295 354 2346 autem
378 2289 593 2348 aPontiticibus
614 2290 676 2349 latae
699 2291 748 2348 vix
770 2291 960 2359 incurruntur,
975 2291 1031 2348 nisi
1050 2289 1194 2367 judicium
1216 2291 1245 2349 in
1265 2306 1345 2348 reum

262 2389 422 2456 instruatur,
443 2390 560 2448 testibus
582 2391 695 2468 juratis,
715 2400 745 2449 et
763 2407 794 2447 ro
819 2390 934 2466 ponitus
961 2389 1117 2466 explorata.
1160 2389 1349 2448 Poenitentem

262 2489 366 2564 poterit
378 2489 530 2567 episcopus
544 2489 579 2547 ab
592 2489 764 2548 inhabilitate
777 2489 888 2547 solvere
909 2489 938 2546 in
962 2489 1078 2546 casibus
1098 2488 1228 2557 occultis,
1243 2489 1271 2545 vi
1285 2488 1351 2545 Tri·

262 2585 382 2646 dentinae
395 2587 545 2657 facultatis,
561 2589 606 2646 vel
618 2589 751 2664 specialis
766 2586 882 2645 indulti:
906 2586 977 2646 adeo
997 2596 1029 2646 ut
1048 2586 1085 2645 ad
1104 2588 1277 2646 Pontificem
1293 2605 1351 2644 non

262 2685 299 2741 sit
311 2702 429 2743 necesse
448 2703 602 2753 recurrere,
623 2687 680 2745 nisi
700 2704 745 2745 res
766 2683 851 2745 fuerit
871 2685 907 2744 ad
928 2687 1108 2764 episcopum,
1129 2686 1223 2746 forma
1241 2696 1353 2744 servata

257 2781 370 2858 judicii,
382 2782 484 2840 delata.
