3124 5168
233 553 272 612 22
392 549 449 612 DE
469 548 747 612 nasamone
768 547 1165 613 sacntmnnuolwm.

232 716 412 786 contritione,
426 735 489 790 qua
503 715 538 776 ad
547 718 602 778 alia
611 728 789 778 sacramenta
805 718 988 797 suscipienda
1002 718 1240 780 communissima
1255 733 1322 778 cenr

234 825 313 876 setur
325 815 468 886 sufficere,
484 818 614 890 quamvis
628 817 785 876 consultius
799 819 837 876 sit
849 819 987 878 confiteri.

272 919 323 974 44.
345 915 447 974 Gratia
459 934 523 990 qua
536 934 588 994 per
605 925 780 976 sacramenta
793 917 923 976 tribuitur
935 916 1040 995 primo
1052 916 1098 974 vel
1110 914 1242 976 seeundo
1255 912 1325 973 diei·

233 1025 288 1073 tur.
330 1014 429 1073 Prima
440 1025 485 1073 est
497 1033 531 1073 ea
544 1033 600 1088 qua
613 1015 699 1074 homo
713 1035 730 1074 a
742 1023 813 1074 statu
827 1017 936 1092 peccati
949 1016 984 1075 ad
997 1015 1135 1094 justitiam
1149 1014 1324 1080 transfertur,

233 1115 275 1173 uti
288 1113 362 1172 fitin
375 1113 517 1190 baptismo
530 1115 744 1190 etpcenitentia.
786 1114 918 1173 Secunda
939 1123 984 1173 est
1007 1114 1102 1191 gratim
1122 1112 1324 1172 sanctificantis

234 1219 428 1290 augmentum,
442 1213 520 1284 quod
532 1212 564 1270 fit
577 1213 607 1270 in
620 1215 806 1272 sacramentis
829 1214 948 1271 caeteris.
990 1213 1064 1271 Hac
1080 1211 1166 1271 etiam
1180 1210 1260 1270 datur
1273 1227 1324 1288 per

234 1319 412 1370 sacramenta
425 1320 613 1380 mortuorum,
634 1313 745 1384 quoties
765 1312 958 1389 suscipiuntur
977 1312 1011 1370 ab
1033 1312 1068 1370 iis
1091 1311 1141 1384 qui
1156 1311 1228 1387 justi
1247 1318 1324 1376 sunt,

136 1399 137 1402 ¹
234 1429 267 1470 v:
289 1427 324 1486 g:
360 1409 519 1486 baptismus
547 1419 630 1487 anget
655 1413 772 1488 gratiam
806 1428 892 1483 quam
925 1410 1146 1470 catechumenus
1172 1408 1324 1467 dilectione

234 1508 292 1568 Dei
313 1519 395 1568 antea
407 1518 574 1568 consecutus
587 1521 647 1568 est:
671 1511 835 1586 prenitentia
843 1511 923 1587 justo
947 1509 1100 1568 venialium
1112 1526 1162 1567 reo
1171 1508 1324 1585 justitiam,

235 1607 281 1666 his
290 1608 430 1676 remissis,
442 1607 570 1684 adauget.
586 1608 714 1665 Primam
724 1605 1329 1686 gratiamasacramentisvivorumconfeni

234 1725 349 1782 quoque
363 1707 511 1783 contingit,
525 1725 591 1764 nam
607 1707 633 1764 si
647 1707 762 1765 accedat
774 1708 838 1779 quis
852 1707 996 1766 bonafide
1010 1707 1128 1774 attritus,
1143 1707 1213 1779 quin
1228 1708 1324 1783 justus

234 1807 281 1873 sit,
294 1807 322 1864 vi
336 1806 503 1864 sacramenti
513 1807 607 1883 justus
621 1823 720 1865 revera
733 1803 837 1864 evadit.
878 1806 912 1865 Id
925 1806 960 1864 de
974 1805 1189 1864 confirmatione
1199 1803 1282 1864 tradit
1292 1804 1324 1862 S.

235 1905 383 1964 Thomas:
399 1906 461 1964 “Si
473 1905 576 1977 aliquis
591 1904 701 1962 adultus
716 1905 745 1963 in
755 1915 873 1980 peccato
886 1883 1021 1972 existens,
1030 1905 1111 1982 cujus
1122 1904 1326 1963 conscientiam

235 2022 294 2064 non
306 2004 398 2072 habet,
408 2005 454 2063 vel
467 2005 493 2062 si
506 2004 589 2061 etiam
601 2003 725 2079 perfecte
738 2020 796 2062 non
810 2005 946 2063 contritus
961 2005 1084 2072 accedat,
1099 2001 1324 2063 dnmmodonon

236 2101 319 2159 lictus
333 2101 457 2171 accedat,
472 2103 656 2178 pergratiam
670 2102 803 2160 collatam
817 2105 846 2160 in
865 2103 920 2161 hoc
941 2111 1129 2172 sacramento,
1143 2103 1326 2175 consequitur

234 2199 435 2260 remissionem
447 2194 679 2277 peccaterum.''¹
720 2200 801 2260 ldem
823 2201 858 2260 de
879 2199 1090 2272 Eucharistia‚²
1102 2212 1131 2262 et
1142 2201 1177 2260 de
1190 2199 1324 2261 unctione

234 2308 363 2358 extrema
376 2291 484 2358 tradit³

275 2403 325 2458 45.
352 2399 460 2458 Praeter
485 2400 603 2477 gratiam
628 2401 852 2462 sanctificantem
878 2405 1010 2463 omnibus
1035 2403 1220 2463 sacramentis
1246 2417 1322 2460 com·

235 2517 362 2566 munem,
373 2499 454 2558 datur
465 2499 556 2578 gratia
568 2498 705 2575 cujusque
719 2502 889 2560 sacramenti
901 2504 1027 2579 propria,
1039 2520 1101 2574 quoe
1112 2499 1325 2559 sacramentalis
1355 2537 1360 2543 -

235 2586 342 2658 ideireo
356 2597 467 2657 dicitur.
510 2605 529 2633 “
539 2595 712 2656 Ordinantur
725 2607 818 2656 autem
831 2598 1040 2666 sacramenta,'’
1063 2598 1132 2656 dicit
1144 2598 1177 2654 S.
1193 2599 1325 2657 Thomas

237 2696 302 2754 “ad
315 2695 456 2770 quosdam
468 2695 609 2772 speciales
623 2697 741 2756 effectus
755 2697 932 2756 necessarios
952 2697 983 2754 in
997 2697 1053 2754 vita
1065 2695 1229 2764 christiana,
1250 2696 1328 2754 sicut

235 2795 395 2872 baptismus
415 2793 562 2853 ordinatur
581 2793 616 2852 ad
637 2796 778 2869 quandam
797 2795 972 2871 spiritualem
992 2794 1247 2872 regenerationem,
1270 2811 1328 2867 qua

235 2892 324 2952 homo
336 2893 454 2952 moritur
466 2893 552 2962 vitiis,
576 2903 605 2951 et
623 2894 656 2952 fit
675 2896 835 2954 membmm
856 2893 983 2953 Christi:
1005 2892 1187 2969 quiquidem
1205 2891 1325 2951 effeetus
1392 2915 1395 2919 ·

237 3002 280 3051 ert
299 2991 407 3066 aliquid
426 2992 550 3069 speciale
570 3003 672 3069 preter
697 3003 776 3052 actus
801 2995 991 3072 potentiamm
1012 2995 1124 3054 animae.
1166 2991 1206 3050 Et
1224 2991 1325 3050 eadem

236 3094 308 3152 ratio
328 3093 420 3152 estin
442 3091 504 3151 aliis
525 3094 720 3152 sacramentis.
763 3093 845 3152 Sicut
864 3094 949 3170 igitur
962 3095 1077 3152 virtutes
1090 3103 1121 3151 et
1132 3091 1209 3150 dona
1222 3089 1328 3149 addunt

237 3209 325 3269 super
346 3193 465 3270 gratiam
490 3193 678 3251 communiter
703 3191 817 3258 dictam,
844 3191 987 3263 quandam
1007 3192 1213 3268 perfectionem
1236 3188 1325 3247 deter-

237 3291 342 3348 minate
361 3289 518 3348 ordinatam
542 3288 579 3348 ad
598 3291 730 3368 proprios
751 3298 830 3347 actus
849 3289 1058 3365 potentiarum:
1080 3293 1118 3349 ita
1130 3291 1221 3368 gratia
1234 3307 1326 3346 sacra·

238 3389 370 3447 mentalis
384 3387 464 3447 addit
474 3406 560 3467 super
580 3390 697 3466 gratiam
717 3389 907 3449 communiter
926 3389 1040 3460 dictam,
1062 3400 1090 3448 et
1111 3408 1198 3468 super
1209 3389 1326 3446 virtutes

238 3495 267 3544 et
279 3487 363 3558 dona,
378 3487 521 3562 quoddam
542 3489 670 3549 divinum
692 3491 830 3549 auxilium
851 3488 886 3546 ad
906 3489 1138 3562 consequendum
1157 3487 1326 3546 sacramenti

238 3585 343 3643 finem:
365 3597 393 3644 et
406 3604 457 3661 per
469 3586 546 3643 hune
561 3587 675 3644 modum
689 3589 778 3661 gratia
790 3587 1003 3644 sacramentalis
1017 3586 1095 3646 addit
1107 3607 1193 3665 super
1205 3585 1325 3664 gratiam

238 3684 372 3742 virtutum
386 3693 415 3740 et
426 3679 616 3742 donorum.’'⁴

278 3785 328 3841 46.
363 3780 528 3849 Oharacter,
555 3782 665 3842 scilicet
689 3783 842 3842 indelebile
871 3783 986 3859 signum
1011 3787 1113 3844 animae
1138 3787 1323 3863 impressum,

239 3882 323 3943 trium
337 3891 577 3941 sacramentorum
597 3885 730 3959 proprius
744 3892 803 3939 est:
825 3883 966 3958 baptismo
979 3885 1057 3942 enim
1069 3884 1102 3941 fit
1115 3885 1235 3957 quisque
1249 3882 1325 3942 filius

240 3983 307 4052 Dei,
322 3979 538 4042 confirmatione
557 3981 640 4040 miles
663 3982 783 4050 Christi,
805 3980 903 4040 ordine
917 3983 1047 4040 minister
1061 3981 1189 4051 Christi3
1211 3982 1282 4041 adeo
1295 3989 1326 4039 ut

200 4126 205 4139 s
239 4084 323 4142 etiam
349 4089 482 4160 peccator
506 4080 553 4140 his
578 4083 653 4140 notis
673 4082 849 4158 insigniatur,
875 4080 942 4139 lieet
961 4081 1061 4157 gratia,
1083 4101 1140 4154 qua
1160 4082 1224 4140 Deo
1246 4081 1327 4139 fieret

240 4191 383 4258 aceeptus,
407 4199 459 4241 sua
480 4181 565 4258 culpa
583 4189 691 4240 careat:
719 4181 832 4254 quoties
853 4181 930 4238 enim
949 4189 1158 4241 sacamentum
1183 4179 1326 4239 confertur

240 4279 357 4350 volenti,
384 4282 557 4358 imprimitur
581 4281 742 4340 character:
770 4279 820 4339 sed
847 4279 996 4358 sacrilegio
1015 4279 1170 4340 maculatur
1187 4279 1239 4352 qui
1258 4293 1326 4336 eum

278 4439 320 4502 (l)
340 4435 374 4485 iii.
385 4452 409 4499 p.
420 4453 461 4499 qu.
473 4438 550 4488 lxxiii.
561 4446 604 4489 art.
615 4439 656 4489 vii.
668 4439 698 4489 ad
709 4443 733 4488 2.
821 4440 863 4505 (2)
883 4437 983 4499 Ibidem,
994 4455 1036 4504 qu.
1046 4439 1085 4489 vii.
1097 4443 1140 4488 ert.
1150 4435 1219 4486 iiim
1227 4450 1292 4500 eorp.

278 4521 320 4587 (³)
339 4520 372 4570 iv·
386 4517 689 4586 debuit-oudam.
820 4526 863 4593 (t)
882 4521 1154 4590 mammaeae.
1184 4519 1281 4590 esp„
