<?xml version="1.0" encoding="UTF-8"?>
<!DOCTYPE html PUBLIC "-//W3C//DTD XHTML 1.0 Transitional//EN"
    "http://www.w3.org/TR/xhtml1/DTD/xhtml1-transitional.dtd">
<html xmlns="http://www.w3.org/1999/xhtml" xml:lang="en" lang="en">
 <head>
  <title>
</title>
<meta http-equiv="Content-Type" content="text/html;charset=utf-8" />
  <meta name='ocr-system' content='tesseract 3.04.00' />
  <meta name='ocr-capabilities' content='ocr_page ocr_carea ocr_par ocr_line ocrx_word'/>
</head>
<body>
  <div class='ocr_page' id='page_1' title='image "./theologiaemoral02kenrgoog_0365.png"; bbox 0 0 3108 5162; ppageno 0'>
   <div class='ocr_carea' id='block_1_1' title="bbox 259 505 1147 574">
    <p class='ocr_par' dir='ltr' id='par_1_1' title="bbox 259 505 1147 574">
     <span class='ocr_line' id='line_1_1' title="bbox 259 505 1147 574; baseline -0.009 0"><span class='ocrx_word' id='word_1_1' title='bbox 259 517 318 574; x_wconf 79' lang='lat' dir='ltr'>ets</span> <span class='ocrx_word' id='word_1_2' title='bbox 456 509 513 570; x_wconf 89' lang='lat' dir='ltr'>DE</span> <span class='ocrx_word' id='word_1_3' title='bbox 534 505 852 568; x_wconf 80' lang='lat' dir='ltr'>lMPEDIMENTIS</span> <span class='ocrx_word' id='word_1_4' title='bbox 874 505 1147 566; x_wconf 77' lang='lat' dir='ltr'>MATRIMONII.</span> 
     </span>
    </p>
   </div>
   <div class='ocr_carea' id='block_1_2' title="bbox 257 671 1370 4112">
    <p class='ocr_par' dir='ltr' id='par_1_2' title="bbox 257 671 1363 836">
     <span class='ocr_line' id='line_1_2' title="bbox 257 671 1363 754; baseline -0.006 -16"><span class='ocrx_word' id='word_1_5' title='bbox 257 680 299 738; x_wconf 87' lang='lat' dir='ltr'>uti</span> <span class='ocrx_word' id='word_1_6' title='bbox 323 675 470 754; x_wconf 88' lang='lat' dir='ltr'>respondit</span> <span class='ocrx_word' id='word_1_7' title='bbox 495 675 527 734; x_wconf 84' lang='lat' dir='ltr'>S.</span> <span class='ocrx_word' id='word_1_8' title='bbox 555 673 650 752; x_wconf 85' lang='lat' dir='ltr'>Cong.</span> <span class='ocrx_word' id='word_1_9' title='bbox 685 673 817 746; x_wconf 89' lang='lat' dir='ltr'>Inquisit.</span> <span class='ocrx_word' id='word_1_10' title='bbox 846 671 997 750; x_wconf 74' lang='lat' dir='ltr'>Episcopo</span> <span class='ocrx_word' id='word_1_11' title='bbox 1023 672 1202 738; x_wconf 84' lang='lat' dir='ltr'>Quebecensi</span> <span class='ocrx_word' id='word_1_12' title='bbox 1235 671 1293 731; x_wconf 91' lang='lat' dir='ltr'>die</span> <span class='ocrx_word' id='word_1_13' title='bbox 1327 675 1363 731; x_wconf 92' lang='grc'>17</span> 
     </span>
     <span class='ocr_line' id='line_1_3' title="bbox 261 776 539 836; baseline -0.014 -1"><span class='ocrx_word' id='word_1_14' title='bbox 261 776 435 836; x_wconf 87' lang='lat' dir='ltr'>Novembris</span> <span class='ocrx_word' id='word_1_15' title='bbox 452 778 539 832; x_wconf 80' lang='lat'><strong>1835.</strong></span> 
     </span>
    </p>

    <p class='ocr_par' dir='ltr' id='par_1_3' title="bbox 258 870 1370 2826">
     <span class='ocr_line' id='line_1_4' title="bbox 301 870 1367 952; baseline -0.007 -19"><span class='ocrx_word' id='word_1_16' title='bbox 301 880 367 936; x_wconf 87' lang='grc'><strong>176.</strong></span> <span class='ocrx_word' id='word_1_17' title='bbox 389 872 532 952; x_wconf 68' lang='lat' dir='ltr'>Affinitoa</span> <span class='ocrx_word' id='word_1_18' title='bbox 546 881 589 930; x_wconf 90' lang='lat' dir='ltr'>est</span> <span class='ocrx_word' id='word_1_19' title='bbox 609 871 805 948; x_wconf 79' lang='lat' dir='ltr'>propinquitas</span> <span class='ocrx_word' id='word_1_20' title='bbox 819 879 878 928; x_wconf 88' lang='lat' dir='ltr'>orta</span> <span class='ocrx_word' id='word_1_21' title='bbox 891 888 929 928; x_wconf 85' lang='lat' dir='ltr'>ex</span> <span class='ocrx_word' id='word_1_22' title='bbox 949 870 1052 946; x_wconf 90' lang='lat' dir='ltr'>copula</span> <span class='ocrx_word' id='word_1_23' title='bbox 1071 871 1177 929; x_wconf 89' lang='lat' dir='ltr'>carnali</span> <span class='ocrx_word' id='word_1_24' title='bbox 1191 871 1367 948; x_wconf 86' lang='lat' dir='ltr'>completa,</span> 
     </span>
     <span class='ocr_line' id='line_1_5' title="bbox 258 969 1368 1051; baseline -0.008 -18"><span class='ocrx_word' id='word_1_25' title='bbox 258 974 368 1033; x_wconf 79' lang='lat' dir='ltr'>scilicet</span> <span class='ocrx_word' id='word_1_26' title='bbox 387 992 437 1051; x_wconf 89' lang='lat' dir='ltr'>per</span> <span class='ocrx_word' id='word_1_27' title='bbox 457 991 488 1030; x_wconf 89' lang='lat' dir='ltr'>se</span> <span class='ocrx_word' id='word_1_28' title='bbox 508 969 667 1030; x_wconf 87' lang='lat' dir='ltr'>sufficiente</span> <span class='ocrx_word' id='word_1_29' title='bbox 688 969 723 1027; x_wconf 87' lang='lat' dir='ltr'>ad</span> <span class='ocrx_word' id='word_1_30' title='bbox 742 970 953 1046; x_wconf 81' lang='lat' dir='ltr'>generationem</span> <span class='ocrx_word' id='word_1_31' title='bbox 975 969 1074 1046; x_wconf 89' lang='lat' dir='ltr'>prolis,</span> <span class='ocrx_word' id='word_1_32' title='bbox 1095 970 1155 1026; x_wconf 88' lang='lat' dir='ltr'>sive</span> <span class='ocrx_word' id='word_1_33' title='bbox 1175 971 1275 1037; x_wconf 87' lang='lat' dir='ltr'>licita,</span> <span class='ocrx_word' id='word_1_34' title='bbox 1301 969 1368 1026; x_wconf 86' lang='lat' dir='ltr'>sive</span> 
     </span>
     <span class='ocr_line' id='line_1_6' title="bbox 259 1068 1367 1146; baseline -0.007 -15"><span class='ocrx_word' id='word_1_35' title='bbox 259 1073 365 1132; x_wconf 88' lang='lat' dir='ltr'>illicita.</span> <span class='ocrx_word' id='word_1_36' title='bbox 408 1071 504 1132; x_wconf 79' lang='lat' dir='ltr'>Oritur</span> <span class='ocrx_word' id='word_1_37' title='bbox 518 1071 590 1128; x_wconf 89' lang='lat' dir='ltr'>inter</span> <span class='ocrx_word' id='word_1_38' title='bbox 602 1069 830 1146; x_wconf 89' lang='lat' dir='ltr'>consanguineos</span> <span class='ocrx_word' id='word_1_39' title='bbox 845 1068 895 1125; x_wconf 91' lang='lat' dir='ltr'>viri</span> <span class='ocrx_word' id='word_1_40' title='bbox 910 1077 939 1125; x_wconf 89' lang='lat' dir='ltr'>et</span> <span class='ocrx_word' id='word_1_41' title='bbox 951 1068 1101 1126; x_wconf 88' lang='lat' dir='ltr'>mulierem</span> <span class='ocrx_word' id='word_1_42' title='bbox 1114 1069 1214 1136; x_wconf 86' lang='lat' dir='ltr'>snlarn,</span> <span class='ocrx_word' id='word_1_43' title='bbox 1234 1078 1270 1125; x_wconf 89' lang='lat' dir='ltr'>et</span> <span class='ocrx_word' id='word_1_44' title='bbox 1285 1069 1367 1126; x_wconf 90' lang='lat' dir='ltr'>inter</span> 
     </span>
     <span class='ocr_line' id='line_1_7' title="bbox 260 1165 1370 1245; baseline -0.009 -13"><span class='ocrx_word' id='word_1_45' title='bbox 260 1171 387 1232; x_wconf 87' lang='lat' dir='ltr'>mulieris</span> <span class='ocrx_word' id='word_1_46' title='bbox 414 1169 638 1245; x_wconf 86' lang='lat' dir='ltr'>consanguineos</span> <span class='ocrx_word' id='word_1_47' title='bbox 664 1179 692 1224; x_wconf 87' lang='lat' dir='ltr'>et</span> <span class='ocrx_word' id='word_1_48' title='bbox 716 1167 807 1225; x_wconf 88' lang='lat' dir='ltr'>virum</span> <span class='ocrx_word' id='word_1_49' title='bbox 830 1166 933 1234; x_wconf 88' lang='lat' dir='ltr'>solum,</span> <span class='ocrx_word' id='word_1_50' title='bbox 957 1185 1024 1224; x_wconf 90' lang='lat' dir='ltr'>nam</span> <span class='ocrx_word' id='word_1_51' title='bbox 1045 1165 1165 1226; x_wconf 86' lang='lat' dir='ltr'>affinitas</span> <span class='ocrx_word' id='word_1_52' title='bbox 1189 1187 1255 1226; x_wconf 89' lang='lat' dir='ltr'>non</span> <span class='ocrx_word' id='word_1_53' title='bbox 1286 1169 1370 1243; x_wconf 90' lang='lat' dir='ltr'>parit</span> 
     </span>
     <span class='ocr_line' id='line_1_8' title="bbox 260 1261 1366 1342; baseline -0.006 -14"><span class='ocrx_word' id='word_1_54' title='bbox 260 1261 449 1330; x_wconf 85' lang='lat' dir='ltr'>affinitatem.l</span> <span class='ocrx_word' id='word_1_55' title='bbox 489 1267 598 1325; x_wconf 84' lang='lat' dir='ltr'>Nititur</span> <span class='ocrx_word' id='word_1_56' title='bbox 620 1267 819 1342; x_wconf 85' lang='lat' dir='ltr'>conjunctione</span> <span class='ocrx_word' id='word_1_57' title='bbox 844 1266 897 1323; x_wconf 92' lang='lat' dir='ltr'>viri</span> <span class='ocrx_word' id='word_1_58' title='bbox 919 1275 948 1323; x_wconf 89' lang='lat' dir='ltr'>et</span> <span class='ocrx_word' id='word_1_59' title='bbox 967 1265 1096 1324; x_wconf 90' lang='lat' dir='ltr'>mulieris</span> <span class='ocrx_word' id='word_1_60' title='bbox 1117 1285 1173 1339; x_wconf 91' lang='lat' dir='ltr'>qua</span> <span class='ocrx_word' id='word_1_61' title='bbox 1192 1267 1274 1325; x_wconf 88' lang='lat' dir='ltr'>fiunt</span> <span class='ocrx_word' id='word_1_62' title='bbox 1302 1284 1366 1322; x_wconf 91' lang='lat' dir='ltr'>una</span> 
     </span>
     <span class='ocr_line' id='line_1_9' title="bbox 259 1363 1366 1441; baseline -0.006 -14"><span class='ocrx_word' id='word_1_63' title='bbox 259 1363 350 1427; x_wconf 81' lang='lat' dir='ltr'>caro.²</span> <span class='ocrx_word' id='word_1_64' title='bbox 388 1365 506 1425; x_wconf 86' lang='lat' dir='ltr'>Dirimit</span> <span class='ocrx_word' id='word_1_65' title='bbox 518 1365 729 1423; x_wconf 85' lang='lat' dir='ltr'>matrimonium</span> <span class='ocrx_word' id='word_1_66' title='bbox 744 1365 778 1423; x_wconf 88' lang='lat' dir='ltr'>ad</span> <span class='ocrx_word' id='word_1_67' title='bbox 792 1363 911 1441; x_wconf 86' lang='lat' dir='ltr'>gradum</span> <span class='ocrx_word' id='word_1_68' title='bbox 925 1372 1055 1436; x_wconf 88' lang='lat' dir='ltr'>quartum</span> <span class='ocrx_word' id='word_1_69' title='bbox 1069 1365 1218 1432; x_wconf 88' lang='lat' dir='ltr'>inclusive,</span> <span class='ocrx_word' id='word_1_70' title='bbox 1235 1365 1366 1438; x_wconf 90' lang='lat' dir='ltr'>quoties</span> 
     </span>
     <span class='ocr_line' id='line_1_10' title="bbox 259 1459 1364 1541; baseline -0.004 -17"><span class='ocrx_word' id='word_1_71' title='bbox 259 1467 346 1524; x_wconf 87' lang='lat' dir='ltr'>oritur</span> <span class='ocrx_word' id='word_1_72' title='bbox 358 1484 395 1524; x_wconf 86' lang='lat' dir='ltr'>ex</span> <span class='ocrx_word' id='word_1_73' title='bbox 414 1465 516 1541; x_wconf 91' lang='lat' dir='ltr'>copula</span> <span class='ocrx_word' id='word_1_74' title='bbox 535 1459 644 1522; x_wconf 77' lang='lat' dir='ltr'>licitaz³</span> <span class='ocrx_word' id='word_1_75' title='bbox 664 1463 698 1522; x_wconf 92' lang='lat' dir='ltr'>ad</span> <span class='ocrx_word' id='word_1_76' title='bbox 718 1463 836 1540; x_wconf 89' lang='lat' dir='ltr'>gradum</span> <span class='ocrx_word' id='word_1_77' title='bbox 857 1461 1014 1521; x_wconf 88' lang='lat' dir='ltr'>secundum</span> <span class='ocrx_word' id='word_1_78' title='bbox 1036 1462 1185 1532; x_wconf 91' lang='lat' dir='ltr'>inclusive,</span> <span class='ocrx_word' id='word_1_79' title='bbox 1200 1466 1224 1522; x_wconf 88' lang='lat' dir='ltr'>si</span> <span class='ocrx_word' id='word_1_80' title='bbox 1239 1465 1364 1525; x_wconf 87' lang='lat' dir='ltr'>oriatur</span> 
     </span>
     <span class='ocr_line' id='line_1_11' title="bbox 258 1557 1362 1641; baseline -0.004 -18"><span class='ocrx_word' id='word_1_81' title='bbox 258 1584 294 1622; x_wconf 83' lang='lat' dir='ltr'>ex</span> <span class='ocrx_word' id='word_1_82' title='bbox 308 1565 412 1641; x_wconf 90' lang='lat' dir='ltr'>copula</span> <span class='ocrx_word' id='word_1_83' title='bbox 425 1557 546 1622; x_wconf 81' lang='lat' dir='ltr'>illicita.⁴</span> <span class='ocrx_word' id='word_1_84' title='bbox 587 1562 664 1620; x_wconf 90' lang='lat' dir='ltr'>Hinc</span> <span class='ocrx_word' id='word_1_85' title='bbox 675 1581 760 1620; x_wconf 90' lang='lat' dir='ltr'>nemo</span> <span class='ocrx_word' id='word_1_86' title='bbox 771 1571 864 1638; x_wconf 88' lang='lat' dir='ltr'>potest</span> <span class='ocrx_word' id='word_1_87' title='bbox 877 1579 940 1620; x_wconf 88' lang='lat' dir='ltr'>eam</span> <span class='ocrx_word' id='word_1_88' title='bbox 951 1561 1054 1620; x_wconf 90' lang='lat' dir='ltr'>ducere</span> <span class='ocrx_word' id='word_1_89' title='bbox 1068 1581 1133 1620; x_wconf 91' lang='lat' dir='ltr'>cum</span> <span class='ocrx_word' id='word_1_90' title='bbox 1148 1565 1229 1639; x_wconf 88' lang='lat' dir='ltr'>cujus</span> <span class='ocrx_word' id='word_1_91' title='bbox 1247 1571 1362 1629; x_wconf 89' lang='lat' dir='ltr'>matre,</span> 
     </span>
     <span class='ocr_line' id='line_1_12' title="bbox 260 1661 1362 1738; baseline -0.002 -18"><span class='ocrx_word' id='word_1_92' title='bbox 260 1682 366 1731; x_wconf 90' lang='lat' dir='ltr'>sorore,</span> <span class='ocrx_word' id='word_1_93' title='bbox 381 1663 476 1730; x_wconf 68' lang='lat' dir='ltr'>amin,</span> <span class='ocrx_word' id='word_1_94' title='bbox 491 1662 535 1719; x_wconf 83' lang='lat' dir='ltr'>vel</span> <span class='ocrx_word' id='word_1_95' title='bbox 549 1671 634 1738; x_wconf 82' lang='lat' dir='ltr'>nepte</span> <span class='ocrx_word' id='word_1_96' title='bbox 647 1661 776 1738; x_wconf 89' lang='lat' dir='ltr'>copulam</span> <span class='ocrx_word' id='word_1_97' title='bbox 790 1661 887 1719; x_wconf 91' lang='lat' dir='ltr'>habuit</span> <span class='ocrx_word' id='word_1_98' title='bbox 901 1661 1082 1737; x_wconf 83' lang='lat' dir='ltr'>completam.</span> <span class='ocrx_word' id='word_1_99' title='bbox 1125 1661 1239 1720; x_wconf 88' lang='lat' dir='ltr'>Gradus</span> <span class='ocrx_word' id='word_1_100' title='bbox 1258 1661 1362 1718; x_wconf 88' lang='lat' dir='ltr'>affini·</span> 
     </span>
     <span class='ocr_line' id='line_1_13' title="bbox 260 1759 1363 1838; baseline -0.004 -18"><span class='ocrx_word' id='word_1_101' title='bbox 260 1761 323 1820; x_wconf 84' lang='lat' dir='ltr'>tatis</span> <span class='ocrx_word' id='word_1_102' title='bbox 342 1769 539 1838; x_wconf 89' lang='lat' dir='ltr'>computantur</span> <span class='ocrx_word' id='word_1_103' title='bbox 558 1779 592 1818; x_wconf 89' lang='lat' dir='ltr'>ea</span> <span class='ocrx_word' id='word_1_104' title='bbox 611 1761 719 1819; x_wconf 87' lang='lat' dir='ltr'>ratione</span> <span class='ocrx_word' id='word_1_105' title='bbox 741 1779 798 1833; x_wconf 90' lang='lat' dir='ltr'>qua</span> <span class='ocrx_word' id='word_1_106' title='bbox 819 1759 923 1838; x_wconf 82' lang='lat' dir='ltr'>gradus</span> <span class='ocrx_word' id='word_1_107' title='bbox 944 1760 1210 1836; x_wconf 82' lang='lat' dir='ltr'>consanguinitatis,</span> <span class='ocrx_word' id='word_1_108' title='bbox 1226 1761 1307 1820; x_wconf 87' lang='lat' dir='ltr'>adeo</span> <span class='ocrx_word' id='word_1_109' title='bbox 1330 1769 1363 1816; x_wconf 92' lang='lat' dir='ltr'>nt</span> 
     </span>
     <span class='ocr_line' id='line_1_14' title="bbox 260 1858 1358 1937; baseline -0.004 -17"><span class='ocrx_word' id='word_1_110' title='bbox 260 1860 309 1934; x_wconf 88' lang='lat' dir='ltr'>qui</span> <span class='ocrx_word' id='word_1_111' title='bbox 323 1861 383 1918; x_wconf 92' lang='lat' dir='ltr'>viro</span> <span class='ocrx_word' id='word_1_112' title='bbox 396 1860 624 1936; x_wconf 87' lang='lat' dir='ltr'>consanguineus</span> <span class='ocrx_word' id='word_1_113' title='bbox 638 1867 682 1916; x_wconf 89' lang='lat' dir='ltr'>est</span> <span class='ocrx_word' id='word_1_114' title='bbox 699 1860 792 1935; x_wconf 89' lang='lat' dir='ltr'>primo</span> <span class='ocrx_word' id='word_1_115' title='bbox 812 1858 911 1936; x_wconf 88' lang='lat' dir='ltr'>gradu,</span> <span class='ocrx_word' id='word_1_116' title='bbox 927 1858 973 1915; x_wconf 88' lang='lat' dir='ltr'>vel</span> <span class='ocrx_word' id='word_1_117' title='bbox 987 1858 1125 1926; x_wconf 90' lang='lat' dir='ltr'>secundo,</span> <span class='ocrx_word' id='word_1_118' title='bbox 1140 1859 1243 1918; x_wconf 89' lang='lat' dir='ltr'>eodem</span> <span class='ocrx_word' id='word_1_119' title='bbox 1258 1858 1358 1937; x_wconf 86' lang='lat' dir='ltr'>gradu</span> 
     </span>
     <span class='ocr_line' id='line_1_15' title="bbox 260 1957 1356 2042; baseline -0.002 -25"><span class='ocrx_word' id='word_1_120' title='bbox 260 1959 353 2018; x_wconf 88' lang='lat' dir='ltr'>affinis</span> <span class='ocrx_word' id='word_1_121' title='bbox 373 1961 409 2018; x_wconf 86' lang='lat' dir='ltr'>sit</span> <span class='ocrx_word' id='word_1_122' title='bbox 428 1959 521 2042; x_wconf 84' lang='lat' dir='ltr'>uxori.</span> <span class='ocrx_word' id='word_1_123' title='bbox 562 1958 633 2017; x_wconf 85' lang='lat' dir='ltr'>Jure</span> <span class='ocrx_word' id='word_1_124' title='bbox 653 1958 848 2016; x_wconf 88' lang='lat' dir='ltr'>ecclesiastico</span> <span class='ocrx_word' id='word_1_125' title='bbox 868 1957 1014 2015; x_wconf 89' lang='lat' dir='ltr'>inductum</span> <span class='ocrx_word' id='word_1_126' title='bbox 1036 1967 1080 2014; x_wconf 90' lang='lat' dir='ltr'>est</span> <span class='ocrx_word' id='word_1_127' title='bbox 1105 1959 1356 2034; x_wconf 89' lang='lat' dir='ltr'>impedimentum</span> 
     </span>
     <span class='ocr_line' id='line_1_16' title="bbox 261 2055 1357 2133; baseline -0.002 -17"><span class='ocrx_word' id='word_1_128' title='bbox 261 2059 415 2127; x_wconf 86' lang='lat' dir='ltr'>affinitatis,</span> <span class='ocrx_word' id='word_1_129' title='bbox 429 2057 505 2130; x_wconf 91' lang='lat' dir='ltr'>quod</span> <span class='ocrx_word' id='word_1_130' title='bbox 521 2065 615 2116; x_wconf 89' lang='lat' dir='ltr'>tamen</span> <span class='ocrx_word' id='word_1_131' title='bbox 629 2056 723 2128; x_wconf 88' lang='lat' dir='ltr'>quoad</span> <span class='ocrx_word' id='word_1_132' title='bbox 737 2055 853 2133; x_wconf 91' lang='lat' dir='ltr'>gradum</span> <span class='ocrx_word' id='word_1_133' title='bbox 869 2056 993 2130; x_wconf 87' lang='lat' dir='ltr'>primum</span> <span class='ocrx_word' id='word_1_134' title='bbox 1003 2055 1085 2114; x_wconf 77' lang='lat' dir='ltr'>lineae</span> <span class='ocrx_word' id='word_1_135' title='bbox 1098 2066 1182 2115; x_wconf 69' lang='lat' dir='ltr'>rectae</span> <span class='ocrx_word' id='word_1_136' title='bbox 1196 2057 1268 2116; x_wconf 90' lang='lat' dir='ltr'>adeo</span> <span class='ocrx_word' id='word_1_137' title='bbox 1285 2077 1357 2116; x_wconf 91' lang='lat' dir='ltr'>con-</span> 
     </span>
     <span class='ocr_line' id='line_1_17' title="bbox 260 2154 1353 2232; baseline -0.002 -18"><span class='ocrx_word' id='word_1_138' title='bbox 260 2167 342 2215; x_wconf 90' lang='lat' dir='ltr'>sonat</span> <span class='ocrx_word' id='word_1_139' title='bbox 352 2165 457 2214; x_wconf 71' lang='lat' dir='ltr'>nature</span> <span class='ocrx_word' id='word_1_140' title='bbox 465 2155 675 2222; x_wconf 81' lang='lat' dir='ltr'>dictaminibus,</span> <span class='ocrx_word' id='word_1_141' title='bbox 686 2164 716 2211; x_wconf 92' lang='lat' dir='ltr'>ut</span> <span class='ocrx_word' id='word_1_142' title='bbox 723 2155 818 2230; x_wconf 88' lang='lat' dir='ltr'>plures</span> <span class='ocrx_word' id='word_1_143' title='bbox 827 2154 896 2213; x_wconf 93' lang='lat' dir='ltr'>illud</span> <span class='ocrx_word' id='word_1_144' title='bbox 905 2164 1011 2213; x_wconf 75' lang='lat' dir='ltr'>natura</span> <span class='ocrx_word' id='word_1_145' title='bbox 1020 2155 1131 2232; x_wconf 90' lang='lat' dir='ltr'>legibus</span> <span class='ocrx_word' id='word_1_146' title='bbox 1141 2159 1353 2215; x_wconf 86' lang='lat' dir='ltr'>aceensueriut.</span> 
     </span>
     <span class='ocr_line' id='line_1_18' title="bbox 260 2253 1356 2314; baseline -0.001 -2"><span class='ocrx_word' id='word_1_147' title='bbox 260 2253 442 2314; x_wconf 81' lang='lat' dir='ltr'>Corinthium</span> <span class='ocrx_word' id='word_1_148' title='bbox 471 2271 621 2312; x_wconf 88' lang='lat' dir='ltr'>novercam</span> <span class='ocrx_word' id='word_1_149' title='bbox 648 2271 729 2310; x_wconf 90' lang='lat' dir='ltr'>suam</span> <span class='ocrx_word' id='word_1_150' title='bbox 761 2254 859 2312; x_wconf 85' lang='lat' dir='ltr'>uxoris</span> <span class='ocrx_word' id='word_1_151' title='bbox 884 2254 951 2312; x_wconf 91' lang='lat' dir='ltr'>loco</span> <span class='ocrx_word' id='word_1_152' title='bbox 985 2253 1136 2312; x_wconf 87' lang='lat' dir='ltr'>habentem</span> <span class='ocrx_word' id='word_1_153' title='bbox 1166 2255 1356 2314; x_wconf 87' lang='lat' dir='ltr'>vehementer</span> 
     </span>
     <span class='ocr_line' id='line_1_19' title="bbox 261 2351 1354 2432; baseline -0.002 -20"><span class='ocrx_word' id='word_1_154' title='bbox 261 2353 404 2432; x_wconf 86' lang='lat' dir='ltr'>redarguit</span> <span class='ocrx_word' id='word_1_155' title='bbox 426 2352 592 2430; x_wconf 78' lang='lat' dir='ltr'>Apostolus,</span> <span class='ocrx_word' id='word_1_156' title='bbox 613 2353 700 2412; x_wconf 89' lang='lat' dir='ltr'>veluti</span> <span class='ocrx_word' id='word_1_157' title='bbox 721 2351 821 2430; x_wconf 87' lang='lat' dir='ltr'>flagitii</span> <span class='ocrx_word' id='word_1_158' title='bbox 843 2355 972 2430; x_wconf 86' lang='lat' dir='ltr'>gentibus</span> <span class='ocrx_word' id='word_1_159' title='bbox 994 2353 1043 2410; x_wconf 88' lang='lat' dir='ltr'>vix</span> <span class='ocrx_word' id='word_1_160' title='bbox 1063 2352 1150 2412; x_wconf 91' lang='lat' dir='ltr'>auditi</span> <span class='ocrx_word' id='word_1_161' title='bbox 1169 2373 1266 2412; x_wconf 85' lang='lat' dir='ltr'>reum:</span> <span class='ocrx_word' id='word_1_162' title='bbox 1298 2353 1354 2412; x_wconf 86' lang='lat' dir='ltr'>sed</span> 
     </span>
     <span class='ocr_line' id='line_1_20' title="bbox 259 2451 1353 2530; baseline 0 -18"><span class='ocrx_word' id='word_1_163' title='bbox 259 2463 367 2530; x_wconf 88' lang='lat' dir='ltr'>patrem</span> <span class='ocrx_word' id='word_1_164' title='bbox 386 2472 470 2512; x_wconf 90' lang='lat' dir='ltr'>suum</span> <span class='ocrx_word' id='word_1_165' title='bbox 490 2462 607 2512; x_wconf 88' lang='lat' dir='ltr'>censent</span> <span class='ocrx_word' id='word_1_166' title='bbox 625 2454 753 2530; x_wconf 90' lang='lat' dir='ltr'>plerique</span> <span class='ocrx_word' id='word_1_167' title='bbox 768 2452 858 2510; x_wconf 89' lang='lat' dir='ltr'>adhuc</span> <span class='ocrx_word' id='word_1_168' title='bbox 871 2453 899 2510; x_wconf 89' lang='lat' dir='ltr'>in</span> <span class='ocrx_word' id='word_1_169' title='bbox 918 2451 989 2510; x_wconf 89' lang='lat' dir='ltr'>vivis</span> <span class='ocrx_word' id='word_1_170' title='bbox 1010 2451 1109 2520; x_wconf 85' lang='lat' dir='ltr'>fuisse,</span> <span class='ocrx_word' id='word_1_171' title='bbox 1126 2471 1191 2510; x_wconf 90' lang='lat' dir='ltr'>narn</span> <span class='ocrx_word' id='word_1_172' title='bbox 1206 2472 1353 2512; x_wconf 87' lang='lat' dir='ltr'>memora·</span> 
     </span>
     <span class='ocr_line' id='line_1_21' title="bbox 261 2551 1350 2630; baseline -0.002 -20"><span class='ocrx_word' id='word_1_173' title='bbox 261 2563 314 2620; x_wconf 91' lang='lat' dir='ltr'>tur,</span> <span class='ocrx_word' id='word_1_174' title='bbox 330 2553 379 2624; x_wconf 90' lang='lat' dir='ltr'>qui</span> <span class='ocrx_word' id='word_1_175' title='bbox 394 2553 524 2629; x_wconf 87' lang='lat' dir='ltr'>injuriam</span> <span class='ocrx_word' id='word_1_176' title='bbox 534 2570 636 2628; x_wconf 87' lang='lat' dir='ltr'>passus</span> <span class='ocrx_word' id='word_1_177' title='bbox 650 2561 712 2609; x_wconf 88' lang='lat' dir='ltr'>est:</span> <span class='ocrx_word' id='word_1_178' title='bbox 734 2560 761 2608; x_wconf 88' lang='lat' dir='ltr'>et</span> <span class='ocrx_word' id='word_1_179' title='bbox 770 2560 880 2609; x_wconf 89' lang='lat' dir='ltr'>constat</span> <span class='ocrx_word' id='word_1_180' title='bbox 892 2551 1018 2624; x_wconf 88' lang='lat' dir='ltr'>alioquin</span> <span class='ocrx_word' id='word_1_181' title='bbox 1028 2551 1159 2610; x_wconf 89' lang='lat' dir='ltr'>ethnicos</span> <span class='ocrx_word' id='word_1_182' title='bbox 1172 2572 1189 2610; x_wconf 91' lang='lat' dir='ltr'>a</span> <span class='ocrx_word' id='word_1_183' title='bbox 1201 2553 1350 2630; x_wconf 88' lang='lat' dir='ltr'>conjugiis</span> 
     </span>
     <span class='ocr_line' id='line_1_22' title="bbox 260 2649 1347 2727; baseline -0.001 -18"><span class='ocrx_word' id='word_1_184' title='bbox 260 2651 452 2727; x_wconf 83' lang='lat' dir='ltr'>privignorum</span> <span class='ocrx_word' id='word_1_185' title='bbox 466 2669 531 2707; x_wconf 89' lang='lat' dir='ltr'>cum</span> <span class='ocrx_word' id='word_1_186' title='bbox 546 2651 686 2717; x_wconf 88' lang='lat' dir='ltr'>novercis,</span> <span class='ocrx_word' id='word_1_187' title='bbox 701 2651 827 2726; x_wconf 85' lang='lat' dir='ltr'>patribus</span> <span class='ocrx_word' id='word_1_188' title='bbox 838 2649 989 2718; x_wconf 74' lang='lat' dir='ltr'>defunctio,</span> <span class='ocrx_word' id='word_1_189' title='bbox 999 2668 1056 2708; x_wconf 92' lang='lat' dir='ltr'>non</span> <span class='ocrx_word' id='word_1_190' title='bbox 1071 2649 1143 2708; x_wconf 89' lang='lat' dir='ltr'>adeo</span> <span class='ocrx_word' id='word_1_191' title='bbox 1152 2651 1347 2710; x_wconf 88' lang='lat' dir='ltr'>abhorruisse.</span> 
     </span>
     <span class='ocr_line' id='line_1_23' title="bbox 260 2747 1131 2826; baseline 0.003 -22"><span class='ocrx_word' id='word_1_192' title='bbox 260 2747 403 2806; x_wconf 68' lang='lat' dir='ltr'>Caeterum</span> <span class='ocrx_word' id='word_1_193' title='bbox 418 2766 563 2820; x_wconf 90' lang='lat' dir='ltr'>nunquam</span> <span class='ocrx_word' id='word_1_194' title='bbox 578 2749 751 2824; x_wconf 90' lang='lat' dir='ltr'>dispensatio</span> <span class='ocrx_word' id='word_1_195' title='bbox 765 2747 929 2806; x_wconf 88' lang='lat' dir='ltr'>conceditur</span> <span class='ocrx_word' id='word_1_196' title='bbox 942 2750 971 2806; x_wconf 92' lang='lat' dir='ltr'>in</span> <span class='ocrx_word' id='word_1_197' title='bbox 986 2767 1021 2806; x_wconf 90' lang='lat' dir='ltr'>eo</span> <span class='ocrx_word' id='word_1_198' title='bbox 1034 2749 1131 2826; x_wconf 88' lang='lat' dir='ltr'>gradu.</span> 
     </span>
    </p>

    <p class='ocr_par' dir='ltr' id='par_1_4' title="bbox 257 2844 1349 4012">
     <span class='ocr_line' id='line_1_24' title="bbox 300 2844 1349 2925; baseline 0.005 -23"><span class='ocrx_word' id='word_1_199' title='bbox 300 2851 366 2904; x_wconf 89' lang='grc'><strong>177.</strong></span> <span class='ocrx_word' id='word_1_200' title='bbox 389 2844 517 2903; x_wconf 86' lang='lat' dir='ltr'>Incestus</span> <span class='ocrx_word' id='word_1_201' title='bbox 528 2864 593 2903; x_wconf 85' lang='lat' dir='ltr'>cunr</span> <span class='ocrx_word' id='word_1_202' title='bbox 605 2847 664 2902; x_wconf 91' lang='lat' dir='ltr'>suis</span> <span class='ocrx_word' id='word_1_203' title='bbox 679 2846 899 2922; x_wconf 91' lang='lat' dir='ltr'>consanguineis</span> <span class='ocrx_word' id='word_1_204' title='bbox 910 2847 1053 2906; x_wconf 88' lang='lat' dir='ltr'>admissus</span> <span class='ocrx_word' id='word_1_205' title='bbox 1065 2867 1177 2925; x_wconf 88' lang='lat' dir='ltr'>poenam</span> <span class='ocrx_word' id='word_1_206' title='bbox 1191 2866 1249 2906; x_wconf 91' lang='lat' dir='ltr'>non</span> <span class='ocrx_word' id='word_1_207' title='bbox 1264 2848 1349 2908; x_wconf 92' lang='lat' dir='ltr'>indu-</span> 
     </span>
     <span class='ocr_line' id='line_1_25' title="bbox 259 2942 1349 3022; baseline 0.004 -20"><span class='ocrx_word' id='word_1_208' title='bbox 259 2945 307 3011; x_wconf 85' lang='lat' dir='ltr'>cit,</span> <span class='ocrx_word' id='word_1_209' title='bbox 325 2961 390 3000; x_wconf 91' lang='lat' dir='ltr'>nam</span> <span class='ocrx_word' id='word_1_210' title='bbox 408 2943 474 3018; x_wconf 82' lang='lat' dir='ltr'>jura</span> <span class='ocrx_word' id='word_1_211' title='bbox 487 2942 523 3001; x_wconf 89' lang='lat' dir='ltr'>de</span> <span class='ocrx_word' id='word_1_212' title='bbox 536 2961 571 3001; x_wconf 90' lang='lat' dir='ltr'>eo</span> <span class='ocrx_word' id='word_1_213' title='bbox 585 2943 624 3000; x_wconf 94' lang='lat' dir='ltr'>nil</span> <span class='ocrx_word' id='word_1_214' title='bbox 646 2951 817 3003; x_wconf 88' lang='lat' dir='ltr'>statuerunt:</span> <span class='ocrx_word' id='word_1_215' title='bbox 840 2956 1013 3022; x_wconf 88' lang='lat' dir='ltr'>quapropter</span> <span class='ocrx_word' id='word_1_216' title='bbox 1025 2948 1073 3018; x_wconf 92' lang='lat' dir='ltr'>qui</span> <span class='ocrx_word' id='word_1_217' title='bbox 1096 2966 1162 3005; x_wconf 90' lang='lat' dir='ltr'>cum</span> <span class='ocrx_word' id='word_1_218' title='bbox 1183 2965 1279 3006; x_wconf 89' lang='lat' dir='ltr'>sorore</span> <span class='ocrx_word' id='word_1_219' title='bbox 1293 2967 1349 3006; x_wconf 90' lang='lat' dir='ltr'>sua</span> 
     </span>
     <span class='ocr_line' id='line_1_26' title="bbox 258 3036 1347 3122; baseline 0.005 -23"><span class='ocrx_word' id='word_1_220' title='bbox 258 3043 303 3101; x_wconf 89' lang='lat' dir='ltr'>vel</span> <span class='ocrx_word' id='word_1_221' title='bbox 316 3043 487 3102; x_wconf 89' lang='lat' dir='ltr'>consobrina</span> <span class='ocrx_word' id='word_1_222' title='bbox 499 3043 661 3112; x_wconf 88' lang='lat' dir='ltr'>concubuit,</span> <span class='ocrx_word' id='word_1_223' title='bbox 677 3062 735 3101; x_wconf 91' lang='lat' dir='ltr'>non</span> <span class='ocrx_word' id='word_1_224' title='bbox 750 3044 875 3120; x_wconf 85' lang='lat' dir='ltr'>privatur</span> <span class='ocrx_word' id='word_1_225' title='bbox 889 3045 960 3120; x_wconf 88' lang='lat' dir='ltr'>jure·</span> <span class='ocrx_word' id='word_1_226' title='bbox 968 3036 1093 3122; x_wconf 87' lang='lat' dir='ltr'>petendi.</span> <span class='ocrx_word' id='word_1_227' title='bbox 1135 3044 1264 3106; x_wconf 84' lang='lat' dir='ltr'>Incestus</span> <span class='ocrx_word' id='word_1_228' title='bbox 1279 3065 1347 3104; x_wconf 90' lang='lat' dir='ltr'>cum</span> 
     </span>
     <span class='ocr_line' id='line_1_27' title="bbox 259 3142 1346 3222; baseline 0.002 -22"><span class='ocrx_word' id='word_1_229' title='bbox 259 3142 476 3222; x_wconf 87' lang='lat' dir='ltr'>consanguineis</span> <span class='ocrx_word' id='word_1_230' title='bbox 486 3143 617 3220; x_wconf 88' lang='lat' dir='ltr'>conjugis</span> <span class='ocrx_word' id='word_1_231' title='bbox 630 3161 686 3201; x_wconf 91' lang='lat' dir='ltr'>non</span> <span class='ocrx_word' id='word_1_232' title='bbox 695 3143 801 3201; x_wconf 86' lang='lat' dir='ltr'>dirimit</span> <span class='ocrx_word' id='word_1_233' title='bbox 811 3143 1020 3208; x_wconf 86' lang='lat' dir='ltr'>matrimonium</span> <span class='ocrx_word' id='word_1_234' title='bbox 1028 3145 1089 3220; x_wconf 88' lang='lat' dir='ltr'>jam</span> <span class='ocrx_word' id='word_1_235' title='bbox 1100 3154 1282 3212; x_wconf 87' lang='lat' dir='ltr'>contractum,</span> <span class='ocrx_word' id='word_1_236' title='bbox 1292 3145 1346 3202; x_wconf 91' lang='lat' dir='ltr'>sed</span> 
     </span>
     <span class='ocr_line' id='line_1_28' title="bbox 258 3239 1345 3320; baseline 0.003 -19"><span class='ocrx_word' id='word_1_237' title='bbox 258 3245 350 3319; x_wconf 88' lang='lat' dir='ltr'>privat</span> <span class='ocrx_word' id='word_1_238' title='bbox 362 3261 441 3301; x_wconf 91' lang='lat' dir='ltr'>reum</span> <span class='ocrx_word' id='word_1_239' title='bbox 457 3242 523 3318; x_wconf 90' lang='lat' dir='ltr'>jure</span> <span class='ocrx_word' id='word_1_240' title='bbox 543 3242 669 3301; x_wconf 91' lang='lat' dir='ltr'>debitum</span> <span class='ocrx_word' id='word_1_241' title='bbox 684 3239 826 3317; x_wconf 84' lang='lat' dir='ltr'>exigendi.</span> <span class='ocrx_word' id='word_1_242' title='bbox 868 3240 1012 3300; x_wconf 88' lang='lat' dir='ltr'>Innocens</span> <span class='ocrx_word' id='word_1_243' title='bbox 1033 3252 1127 3318; x_wconf 89' lang='lat' dir='ltr'>potest</span> <span class='ocrx_word' id='word_1_244' title='bbox 1142 3245 1208 3320; x_wconf 89' lang='lat' dir='ltr'>jure</span> <span class='ocrx_word' id='word_1_245' title='bbox 1228 3243 1345 3320; x_wconf 87' lang='lat' dir='ltr'>petendi</span> 
     </span>
     <span class='ocr_line' id='line_1_29' title="bbox 259 3341 1345 3418; baseline -0.002 -17"><span class='ocrx_word' id='word_1_246' title='bbox 259 3344 309 3410; x_wconf 89' lang='lat' dir='ltr'>uti,</span> <span class='ocrx_word' id='word_1_247' title='bbox 336 3361 424 3414; x_wconf 87' lang='lat' dir='ltr'>quum</span> <span class='ocrx_word' id='word_1_248' title='bbox 451 3359 508 3400; x_wconf 90' lang='lat' dir='ltr'>non</span> <span class='ocrx_word' id='word_1_249' title='bbox 535 3341 616 3399; x_wconf 87' lang='lat' dir='ltr'>cadat</span> <span class='ocrx_word' id='word_1_250' title='bbox 636 3341 702 3416; x_wconf 90' lang='lat' dir='ltr'>jure</span> <span class='ocrx_word' id='word_1_251' title='bbox 729 3358 781 3397; x_wconf 90' lang='lat' dir='ltr'>suo</span> <span class='ocrx_word' id='word_1_252' title='bbox 807 3341 844 3397; x_wconf 93' lang='lat' dir='ltr'>ob</span> <span class='ocrx_word' id='word_1_253' title='bbox 871 3341 984 3398; x_wconf 82' lang='lat' dir='ltr'>alterius</span> <span class='ocrx_word' id='word_1_254' title='bbox 1006 3341 1138 3417; x_wconf 88' lang='lat' dir='ltr'>culpam:</span> <span class='ocrx_word' id='word_1_255' title='bbox 1159 3344 1205 3400; x_wconf 89' lang='lat' dir='ltr'>cui</span> <span class='ocrx_word' id='word_1_256' title='bbox 1224 3342 1345 3418; x_wconf 90' lang='lat' dir='ltr'>proinde</span> 
     </span>
     <span class='ocr_line' id='line_1_30' title="bbox 259 3433 1345 3515; baseline -0.002 -15"><span class='ocrx_word' id='word_1_257' title='bbox 259 3440 379 3500; x_wconf 87' lang='lat' dir='ltr'>reddere</span> <span class='ocrx_word' id='word_1_258' title='bbox 400 3439 469 3498; x_wconf 92' lang='lat' dir='ltr'>illud</span> <span class='ocrx_word' id='word_1_259' title='bbox 489 3460 554 3499; x_wconf 89' lang='lat' dir='ltr'>reus</span> <span class='ocrx_word' id='word_1_260' title='bbox 576 3433 710 3498; x_wconf 83' lang='lat' dir='ltr'>tenetur.⁵</span> <span class='ocrx_word' id='word_1_261' title='bbox 750 3438 821 3504; x_wconf 79' lang='lat' dir='ltr'>Qua</span> <span class='ocrx_word' id='word_1_262' title='bbox 836 3439 892 3497; x_wconf 91' lang='lat' dir='ltr'>vim</span> <span class='ocrx_word' id='word_1_263' title='bbox 913 3459 997 3515; x_wconf 91' lang='lat' dir='ltr'>passa</span> <span class='ocrx_word' id='word_1_264' title='bbox 1010 3441 1170 3508; x_wconf 73' lang='lat' dir='ltr'>est‘invita,</span> <span class='ocrx_word' id='word_1_265' title='bbox 1185 3442 1232 3498; x_wconf 92' lang='lat' dir='ltr'>vel</span> <span class='ocrx_word' id='word_1_266' title='bbox 1245 3443 1295 3515; x_wconf 91' lang='lat' dir='ltr'>qui</span> <span class='ocrx_word' id='word_1_267' title='bbox 1309 3442 1345 3498; x_wconf 88' lang='lat' dir='ltr'>ad</span> 
     </span>
     <span class='ocr_line' id='line_1_31' title="bbox 259 3539 1346 3618; baseline 0.001 -20"><span class='ocrx_word' id='word_1_268' title='bbox 259 3542 449 3615; x_wconf 87' lang='lat' dir='ltr'>propinquam</span> <span class='ocrx_word' id='word_1_269' title='bbox 464 3557 501 3596; x_wconf 82' lang='lat' dir='ltr'>ex</span> <span class='ocrx_word' id='word_1_270' title='bbox 514 3557 607 3599; x_wconf 88' lang='lat' dir='ltr'>errore</span> <span class='ocrx_word' id='word_1_271' title='bbox 621 3539 748 3604; x_wconf 87' lang='lat' dir='ltr'>accessit,</span> <span class='ocrx_word' id='word_1_272' title='bbox 761 3547 863 3613; x_wconf 90' lang='lat' dir='ltr'>putans</span> <span class='ocrx_word' id='word_1_273' title='bbox 882 3557 944 3596; x_wconf 88' lang='lat' dir='ltr'>eam</span> <span class='ocrx_word' id='word_1_274' title='bbox 958 3557 1021 3596; x_wconf 91' lang='lat' dir='ltr'>esse</span> <span class='ocrx_word' id='word_1_275' title='bbox 1036 3559 1172 3607; x_wconf 70' lang='lat' dir='ltr'>uxorem,</span> <span class='ocrx_word' id='word_1_276' title='bbox 1181 3559 1239 3598; x_wconf 91' lang='lat' dir='ltr'>uon</span> <span class='ocrx_word' id='word_1_277' title='bbox 1253 3543 1346 3618; x_wconf 86' lang='lat' dir='ltr'>priva·</span> 
     </span>
     <span class='ocr_line' id='line_1_32' title="bbox 259 3635 1343 3715; baseline 0.004 -23"><span class='ocrx_word' id='word_1_278' title='bbox 259 3647 302 3692; x_wconf 89' lang='lat' dir='ltr'>tur</span> <span class='ocrx_word' id='word_1_279' title='bbox 318 3637 383 3708; x_wconf 87' lang='lat' dir='ltr'>jure</span> <span class='ocrx_word' id='word_1_280' title='bbox 403 3635 528 3706; x_wconf 90' lang='lat' dir='ltr'>petendi,</span> <span class='ocrx_word' id='word_1_281' title='bbox 543 3655 631 3707; x_wconf 90' lang='lat' dir='ltr'>quurn</span> <span class='ocrx_word' id='word_1_282' title='bbox 654 3636 731 3694; x_wconf 90' lang='lat' dir='ltr'>nulla</span> <span class='ocrx_word' id='word_1_283' title='bbox 751 3637 788 3693; x_wconf 88' lang='lat' dir='ltr'>sit</span> <span class='ocrx_word' id='word_1_284' title='bbox 807 3656 891 3713; x_wconf 89' lang='lat' dir='ltr'>poena</span> <span class='ocrx_word' id='word_1_285' title='bbox 911 3636 1059 3696; x_wconf 86' lang='lat' dir='ltr'>deficiente</span> <span class='ocrx_word' id='word_1_286' title='bbox 1077 3640 1170 3715; x_wconf 84' lang='lat' dir='ltr'>culpa.</span> <span class='ocrx_word' id='word_1_287' title='bbox 1213 3639 1297 3706; x_wconf 85' lang='lat' dir='ltr'>Quod</span> <span class='ocrx_word' id='word_1_288' title='bbox 1318 3641 1343 3696; x_wconf 89' lang='lat' dir='ltr'>si</span> 
     </span>
     <span class='ocr_line' id='line_1_33' title="bbox 258 3728 1342 3815; baseline 0.007 -27"><span class='ocrx_word' id='word_1_289' title='bbox 258 3728 427 3809; x_wconf 88' lang='lat' dir='ltr'>peccaverit,</span> <span class='ocrx_word' id='word_1_290' title='bbox 439 3737 513 3785; x_wconf 89' lang='lat' dir='ltr'>metu</span> <span class='ocrx_word' id='word_1_291' title='bbox 529 3740 620 3788; x_wconf 88' lang='lat' dir='ltr'>tamen</span> <span class='ocrx_word' id='word_1_292' title='bbox 630 3734 709 3806; x_wconf 90' lang='lat' dir='ltr'>gravi</span> <span class='ocrx_word' id='word_1_293' title='bbox 718 3744 824 3801; x_wconf 88' lang='lat' dir='ltr'>coacta,</span> <span class='ocrx_word' id='word_1_294' title='bbox 834 3753 889 3792; x_wconf 93' lang='lat' dir='ltr'>non</span> <span class='ocrx_word' id='word_1_295' title='bbox 905 3736 1016 3794; x_wconf 87' lang='lat' dir='ltr'>videtur</span> <span class='ocrx_word' id='word_1_296' title='bbox 1029 3738 1171 3813; x_wconf 88' lang='lat' dir='ltr'>plerisque</span> <span class='ocrx_word' id='word_1_297' title='bbox 1186 3739 1213 3795; x_wconf 90' lang='lat' dir='ltr'>in</span> <span class='ocrx_word' id='word_1_298' title='bbox 1229 3758 1342 3815; x_wconf 88' lang='lat' dir='ltr'>poenam</span> 
     </span>
     <span class='ocr_line' id='line_1_34' title="bbox 257 3825 1343 3914; baseline 0.005 -24"><span class='ocrx_word' id='word_1_299' title='bbox 257 3829 329 3909; x_wconf 90' lang='lat' dir='ltr'>legis</span> <span class='ocrx_word' id='word_1_300' title='bbox 350 3825 548 3884; x_wconf 75' lang='lat' dir='ltr'>ecclesiastice</span> <span class='ocrx_word' id='word_1_301' title='bbox 568 3827 719 3895; x_wconf 88' lang='lat' dir='ltr'>incurrere,</span> <span class='ocrx_word' id='word_1_302' title='bbox 735 3847 823 3902; x_wconf 89' lang='lat' dir='ltr'>quum</span> <span class='ocrx_word' id='word_1_303' title='bbox 844 3831 905 3888; x_wconf 87' lang='lat' dir='ltr'>haeo</span> <span class='ocrx_word' id='word_1_304' title='bbox 919 3834 949 3890; x_wconf 92' lang='lat' dir='ltr'>in</span> <span class='ocrx_word' id='word_1_305' title='bbox 969 3836 1083 3909; x_wconf 88' lang='lat' dir='ltr'>eosqui</span> <span class='ocrx_word' id='word_1_306' title='bbox 1103 3847 1204 3914; x_wconf 86' lang='lat' dir='ltr'>sponte</span> <span class='ocrx_word' id='word_1_307' title='bbox 1225 3847 1343 3914; x_wconf 87' lang='lat' dir='ltr'>peccant</span> 
     </span>
     <span class='ocr_line' id='line_1_35' title="bbox 257 3925 1158 4012; baseline 0.002 -21"><span class='ocrx_word' id='word_1_308' title='bbox 257 3933 312 3990; x_wconf 87' lang='lat' dir='ltr'>lata</span> <span class='ocrx_word' id='word_1_309' title='bbox 325 3929 372 3996; x_wconf 89' lang='lat' dir='ltr'>sit,</span> <span class='ocrx_word' id='word_1_310' title='bbox 386 3939 414 3986; x_wconf 89' lang='lat' dir='ltr'>et</span> <span class='ocrx_word' id='word_1_311' title='bbox 427 3925 545 4004; x_wconf 87' lang='lat' dir='ltr'>proinde</span> <span class='ocrx_word' id='word_1_312' title='bbox 558 3946 617 3986; x_wconf 91' lang='lat' dir='ltr'>non</span> <span class='ocrx_word' id='word_1_313' title='bbox 631 3925 734 3984; x_wconf 86' lang='lat' dir='ltr'>afficiat</span> <span class='ocrx_word' id='word_1_314' title='bbox 746 3929 795 4001; x_wconf 91' lang='lat' dir='ltr'>qui</span> <span class='ocrx_word' id='word_1_315' title='bbox 810 3931 889 4005; x_wconf 84' lang='lat' dir='ltr'>gravi</span> <span class='ocrx_word' id='word_1_316' title='bbox 903 3943 980 3990; x_wconf 91' lang='lat' dir='ltr'>rnetu</span> <span class='ocrx_word' id='word_1_317' title='bbox 994 3927 1158 4012; x_wconf 85' lang='lat' dir='ltr'>coguntur.⁶</span> 
     </span>
    </p>

    <p class='ocr_par' dir='ltr' id='par_1_5' title="bbox 300 4027 1347 4112">
     <span class='ocr_line' id='line_1_36' title="bbox 300 4027 1347 4112; baseline 0.005 -24"><span class='ocrx_word' id='word_1_318' title='bbox 300 4035 366 4091; x_wconf 88' lang='grc'><strong>178.</strong></span> <span class='ocrx_word' id='word_1_319' title='bbox 382 4027 598 4105; x_wconf 75' lang='lat' dir='ltr'>consanguinei</span> <span class='ocrx_word' id='word_1_320' title='bbox 606 4028 825 4106; x_wconf 89' lang='lat' dir='ltr'>conjugumnon</span> <span class='ocrx_word' id='word_1_321' title='bbox 836 4029 908 4089; x_wconf 90' lang='lat' dir='ltr'>fiunt</span> <span class='ocrx_word' id='word_1_322' title='bbox 918 4031 1017 4090; x_wconf 88' lang='lat' dir='ltr'>affines</span> <span class='ocrx_word' id='word_1_323' title='bbox 1028 4035 1100 4092; x_wconf 89' lang='lat' dir='ltr'>inter</span> <span class='ocrx_word' id='word_1_324' title='bbox 1109 4053 1158 4091; x_wconf 89' lang='lat' dir='ltr'>se:</span> <span class='ocrx_word' id='word_1_325' title='bbox 1174 4047 1347 4112; x_wconf 89' lang='lat' dir='ltr'>quapropter</span> 
     </span>
    </p>
   </div>
   <div class='ocr_carea' id='block_1_3' title="bbox 293 4195 1327 4519">
    <p class='ocr_par' dir='ltr' id='par_1_6' title="bbox 293 4195 1327 4350">
     <span class='ocr_line' id='line_1_37' title="bbox 295 4195 1327 4268; baseline 0.004 -23"><span class='ocrx_word' id='word_1_326' title='bbox 295 4200 336 4264; x_wconf 90' lang='lat' dir='ltr'>(l)</span> <span class='ocrx_word' id='word_1_327' title='bbox 356 4196 418 4262; x_wconf 84' lang='lat' dir='ltr'>Gap.</span> <span class='ocrx_word' id='word_1_328' title='bbox 430 4213 452 4248; x_wconf 87' lang='lat' dir='ltr'>v.</span> <span class='ocrx_word' id='word_1_329' title='bbox 464 4195 669 4264; x_wconf 79' lang='lat' dir='ltr'>deconrnngnin.</span> <span class='ocrx_word' id='word_1_330' title='bbox 801 4205 805 4212; x_wconf 83' lang='lat'>&#39;</span> <span class='ocrx_word' id='word_1_331' title='bbox 938 4203 980 4268; x_wconf 79' lang='lat'>(2)</span> <span class='ocrx_word' id='word_1_332' title='bbox 1000 4201 1062 4265; x_wconf 80' lang='lat' dir='ltr'>Gap.</span> <span class='ocrx_word' id='word_1_333' title='bbox 1075 4203 1155 4253; x_wconf 81' lang='lat' dir='ltr'>Porro</span> <span class='ocrx_word' id='word_1_334' title='bbox 1165 4217 1241 4250; x_wconf 81' lang='lat' dir='ltr'>xxxv.</span> <span class='ocrx_word' id='word_1_335' title='bbox 1252 4217 1293 4264; x_wconf 90' lang='lat' dir='ltr'>qu.</span> <span class='ocrx_word' id='word_1_336' title='bbox 1305 4217 1327 4249; x_wconf 80' lang='lat' dir='ltr'>v.</span> 
     </span>
     <span class='ocr_line' id='line_1_38' title="bbox 293 4281 694 4350; baseline 0 -19"><span class='ocrx_word' id='word_1_337' title='bbox 293 4285 335 4350; x_wconf 82' lang='grc'>(3)</span> <span class='ocrx_word' id='word_1_338' title='bbox 355 4282 417 4346; x_wconf 81' lang='lat' dir='ltr'>Gap.</span> <span class='ocrx_word' id='word_1_339' title='bbox 428 4283 477 4332; x_wconf 81' lang='lat' dir='ltr'>viii</span> <span class='ocrx_word' id='word_1_340' title='bbox 489 4281 518 4332; x_wconf 80' lang='lat' dir='ltr'>de</span> <span class='ocrx_word' id='word_1_341' title='bbox 528 4282 694 4349; x_wconf 72' lang='lat' dir='ltr'>comongsrin.</span> 
     </span>
    </p>

    <p class='ocr_par' dir='ltr' id='par_1_7' title="bbox 294 4364 1111 4431">
     <span class='ocr_line' id='line_1_39' title="bbox 294 4364 1111 4431; baseline 0.007 -18"><span class='ocrx_word' id='word_1_342' title='bbox 294 4368 336 4431; x_wconf 84' lang='lat'>(4)</span> <span class='ocrx_word' id='word_1_343' title='bbox 356 4365 424 4414; x_wconf 87' lang='lat' dir='ltr'>Trid.</span> <span class='ocrx_word' id='word_1_344' title='bbox 435 4364 499 4414; x_wconf 78' lang='lat' dir='ltr'>Sese.</span> <span class='ocrx_word' id='word_1_345' title='bbox 511 4365 579 4416; x_wconf 86' lang='lat' dir='ltr'>xxiv.</span> <span class='ocrx_word' id='word_1_346' title='bbox 590 4381 642 4430; x_wconf 82' lang='lat' dir='ltr'>cop.</span> <span class='ocrx_word' id='word_1_347' title='bbox 653 4366 685 4414; x_wconf 83' lang='lat' dir='ltr'>iv.</span> <span class='ocrx_word' id='word_1_348' title='bbox 707 4365 770 4414; x_wconf 85' lang='lat' dir='ltr'>Vide</span> <span class='ocrx_word' id='word_1_349' title='bbox 782 4373 807 4415; x_wconf 85' lang='lat' dir='ltr'>ct</span> <span class='ocrx_word' id='word_1_350' title='bbox 817 4366 915 4418; x_wconf 86' lang='lat' dir='ltr'>Bullam</span> <span class='ocrx_word' id='word_1_351' title='bbox 927 4368 978 4419; x_wconf 84' lang='lat' dir='ltr'>lxii.</span> <span class='ocrx_word' id='word_1_352' title='bbox 990 4367 1016 4416; x_wconf 78' lang='lat' dir='ltr'>S.</span> <span class='ocrx_word' id='word_1_353' title='bbox 1028 4368 1068 4418; x_wconf 89' lang='lat' dir='ltr'>Pii</span> <span class='ocrx_word' id='word_1_354' title='bbox 1079 4369 1111 4418; x_wconf 92' lang='lat' dir='ltr'>V.</span> 
     </span>
    </p>

    <p class='ocr_par' dir='ltr' id='par_1_8' title="bbox 293 4447 1298 4519">
     <span class='ocr_line' id='line_1_40' title="bbox 293 4447 1298 4519; baseline 0.002 -21"><span class='ocrx_word' id='word_1_355' title='bbox 293 4450 335 4514; x_wconf 82' lang='lat' dir='ltr'>(b)</span> <span class='ocrx_word' id='word_1_356' title='bbox 355 4447 416 4512; x_wconf 83' lang='lat' dir='ltr'>Cap.</span> <span class='ocrx_word' id='word_1_357' title='bbox 428 4448 459 4497; x_wconf 82' lang='lat' dir='ltr'>iv.</span> <span class='ocrx_word' id='word_1_358' title='bbox 471 4455 496 4498; x_wconf 86' lang='lat' dir='ltr'>et</span> <span class='ocrx_word' id='word_1_359' title='bbox 507 4465 531 4498; x_wconf 86' lang='lat' dir='ltr'>x.</span> <span class='ocrx_word' id='word_1_360' title='bbox 542 4448 572 4499; x_wconf 76' lang='lat' dir='ltr'>dc</span> <span class='ocrx_word' id='word_1_361' title='bbox 582 4465 609 4500; x_wconf 83' lang='lat' dir='ltr'>eo</span> <span class='ocrx_word' id='word_1_362' title='bbox 620 4450 665 4516; x_wconf 79' lang='lat' dir='ltr'>qui</span> <span class='ocrx_word' id='word_1_363' title='bbox 675 4449 796 4516; x_wconf 79' lang='lat' dir='ltr'>cognovit.</span> <span class='ocrx_word' id='word_1_364' title='bbox 930 4453 971 4518; x_wconf 89' lang='grc'>(6)</span> <span class='ocrx_word' id='word_1_365' title='bbox 992 4453 1018 4500; x_wconf 80' lang='lat' dir='ltr'>S.</span> <span class='ocrx_word' id='word_1_366' title='bbox 1030 4453 1105 4519; x_wconf 74' lang='lat' dir='ltr'>Alph.</span> <span class='ocrx_word' id='word_1_367' title='bbox 1119 4455 1134 4503; x_wconf 80' lang='lat' dir='ltr'>l.</span> <span class='ocrx_word' id='word_1_368' title='bbox 1146 4455 1177 4504; x_wconf 82' lang='lat' dir='ltr'>vi.</span> <span class='ocrx_word' id='word_1_369' title='bbox 1190 4469 1214 4503; x_wconf 91' lang='lat' dir='ltr'>n.</span> <span class='ocrx_word' id='word_1_370' title='bbox 1226 4455 1298 4503; x_wconf 87' lang='grc'><strong>1071.</strong></span> 
     </span>
    </p>
   </div>
   <div class='ocr_carea' id='block_1_4' title="bbox 1516 1819 1523 1990">
    <p class='ocr_par' dir='ltr' id='par_1_9' title="bbox 1516 1819 1523 2035">
     <span class='ocr_line' id='line_1_41' title="bbox 1522 1819 1523 1873; baseline 0 -5"><span class='ocrx_word' id='word_1_371' title='bbox 1522 1819 1523 1873; x_wconf 75' lang='lat' dir='ltr'>l</span> 
     </span>
     <span class='ocr_line' id='line_1_42' title="bbox 1516 1908 1523 1990; baseline 0 45"><span class='ocrx_word' id='word_1_372' title='bbox 1516 1908 1523 1990; x_wconf 73' lang='lat' dir='ltr'>l</span> 
     </span>
    </p>
   </div>
   <div class='ocr_carea' id='block_1_5' title="bbox 0 0 1558 5162">
    <p class='ocr_par' dir='ltr' id='par_1_10' title="bbox 0 0 1558 5162">
     <span class='ocr_line' id='line_1_43' title="bbox 0 0 1558 5162; baseline 0 1"><span class='ocrx_word' id='word_1_373' title='bbox 0 0 1558 5162; x_wconf 95' lang='lat' dir='ltr'> </span> 
     </span>
    </p>
   </div>
  </div>
 </body>
</html>
