3172 5172
260 532 317 588 152
605 522 662 583 DE
685 519 993 582 OONFESSIONE.

258 695 293 755 lu
306 693 399 772 primo
412 689 602 775 gradu-lineae
616 688 810 749 transversariis
824 689 949 748 incestus
964 689 998 746 ab
1012 687 1075 746 aliis
1096 687 1230 765 gradibus
1250 692 1344 768 specie
1379 677 1383 688 ’

259 793 370 853 videtur
390 791 512 858 differre,
526 809 594 849 nam
607 790 691 848 frater
703 799 732 846 et
753 807 835 848 soror
854 798 961 848 naturae
980 787 1095 846 vinculo
1116 797 1191 846 arcte
1205 789 1344 866 ligantur:

259 892 311 952 sed
334 891 478 950 nonnullis
498 889 608 947 videtur
622 889 756 965 :ejusdem
778 890 896 966 speciei,
911 906 999 961 quum
1020 888 1112 946 coitus
1132 888 1206 946 inter
1228 899 1347 948 consan-

257 993 378 1070 guineos
393 1007 494 1048 omnes
509 989 608 1046 eadem
628 1007 665 1046 ex
678 1007 764 1046 causa
776 987 814 1045 sit
827 990 940 1056 vetitus,
955 1005 1058 1064 nempe
1078 998 1196 1065 propter
1217 991 1346 1047 reveren·

259 1093 327 1150 tiam
349 1088 479 1166 sanguini
494 1089 626 1146 debitam.
668 1087 731 1146 “In
750 1088 956 1146 commixtione
976 1105 1162 1162 personarum
1184 1087 1347 1164 conjuncta·

258 1189 355 1257 rum‚’'
370 1188 461 1261 inquit
469 1189 501 1245 S.
514 1188 653 1254 Thomas,
665 1194 683 1222 ‘⁶
694 1186 800 1259 aliquid
811 1195 854 1244 est
865 1187 940 1259 quod
952 1195 996 1243 est
1004 1187 1160 1245 secuudum
1169 1205 1200 1244 se
1210 1186 1345 1246 indecens

258 1300 287 1348 et
299 1270 461 1364 repugnans
475 1287 594 1344 naturali
604 1287 717 1354 rationi,
728 1287 800 1344 sicut
810 1287 887 1358 quod
898 1287 1068 1345 commixtio
1078 1287 1207 1344 fiatinter
1216 1296 1345 1362 parentes

258 1397 287 1447 et
299 1386 384 1454 filios,
399 1405 519 1460 quorum
533 1395 577 1444 est
589 1404 641 1462 per
654 1403 684 1442 se
699 1395 726 1442 et
739 1387 901 1444 immediata
915 1386 1057 1462 coguatio,
1072 1405 1137 1444 nam
1151 1385 1203 1443 lilii
1216 1386 1347 1444 naturali·

260 1498 302 1546 ter
314 1485 452 1544 honorem
473 1486 577 1544 habent
589 1485 762 1562 parentibus.
804 1486 876 1543 Aliae
890 1484 956 1543 verb
977 1503 1108 1561 personas
1123 1504 1186 1558 quaa
1200 1503 1257 1542 non
1278 1505 1345 1544 con·

255 1589 414 1664 junguntur
439 1585 597 1644 secundum
617 1586 739 1660 seipsas,
760 1583 811 1642 sed
837 1583 1038 1661 perordinem
1062 1585 1097 1641 ad
1123 1592 1263 1660 parentes,
1289 1603 1347 1643 non

259 1685 362 1744 habent
382 1686 421 1742 ita
434 1703 470 1742 ex
485 1685 588 1761 seipsis
611 1684 812 1752 indecentiam,
827 1684 878 1742 sed
897 1684 1040 1742 variantur
1060 1685 1135 1741 circa
1155 1683 1344 1742 indecentiam

260 1782 416 1843 secuudum
430 1782 666 1842 consuetudinem
681 1793 709 1840 et
720 1765 812 1859 legem
827 1784 992 1852 humanam,
1004 1783 1051 1841 vel
1064 1779 1239 1841 divinam.”1
1258 1783 1346 1841 Juxta

260 1883 334 1942 hanc
361 1885 540 1952 sententiam,
562 1901 624 1956 quae
651 1901 731 1956 aeque
749 1883 902 1958 probabilis
930 1884 961 1940 S.
987 1881 1137 1958 Alpheusc
1158 1877 1293 1949 videtur,²
1312 1902 1344 1940 ac

261 1983 358 2052 altera,
373 2003 436 2057 quae
450 1983 600 2041 discrimen
615 1983 719 2048 statuit,
735 1982 876 2058 poenitens
890 2001 948 2041 non
962 1991 1072 2040 tenetur
1084 1982 1210 2040 confiteri
1224 1981 1343 2056 gradum

260 2083 395 2152 incestus,
409 2092 501 2142 utrum
515 2083 623 2140 scilicet
636 2100 701 2140 cum
713 2100 821 2150 sorore,
832 2082 877 2139 vel
892 2083 1063 2141 consobrina
1072 2080 1263 2140 concubuerit.

498 2317 523 2392 §.
539 2317 577 2374 V.
619 2316 667 2376 Da
688 2334 836 2375 conpares
859 2336 1102 2376 naurrnsrauoo.

299 2507 349 2561 48.
371 2500 509 2560 Criminis
530 2503 625 2561 socius
639 2522 697 2562 non
711 2512 755 2560 est
768 2503 797 2560 in
810 2504 991 2562 consessione
1006 2503 1175 2580 aperiendus
1190 2523 1254 2563 cum
1272 2505 1348 2581 gravi

260 2603 321 2678 ejus
336 2602 461 2670 infamia,
476 2604 501 2660 si
516 2602 595 2660 aliter
609 2602 743 2660 delictum
758 2603 849 2660 valeat
862 2604 1015 2661 declarari:
1031 2621 1096 2660 narn
1111 2603 1230 2660 charitas
1245 2612 1272 2659 et
1287 2604 1348 2680 jus·

261 2702 320 2758 titia
333 2701 476 2776 postulant
493 2709 524 2757 ut
538 2681 624 2757 'samaa
638 2710 666 2758 et
685 2701 865 2760 aestimationi
887 2721 1000 2761 reorum
1021 2702 1180 2760 consulatur
1205 2702 1290 2759 etiam
1318 2703 1347 2760 in

261 2797 492 2856 sacratribunali.
515 2797 584 2856 ldeo
595 2799 815 2871 quaerendusest
824 2803 1012 2861 confessarius
1021 2802 1067 2858 cui
1077 2800 1189 2877 ignotus
1198 2801 1348 2868 sitsociuS,
1402 2815 1404 2819 ·

226 2950 232 2959 ,
260 2896 306 2954 vel
320 2895 476 2954 differenda
489 2904 532 2953 est
544 2898 697 2956 confessio.
729 2899 814 2964 Quod
827 2902 958 2978 siurgeat
966 2907 1139 2978 praeceptum
1147 2893 1295 2968 Ecclesiae,
1305 2900 1351 2958 vel

260 2997 418 3055 necessitas
426 2995 528 3069 aliqua,
538 2996 634 3056 licebit
642 2998 764 3074 juxtaS.
775 2998 806 3057 S.
818 3001 972 3069 Thomam,
982 3011 1010 3058 et
1018 2999 1196 3058 Bernardum
1206 3009 1234 3057 et
1243 2999 1349 3058 theolo-

261 3115 314 3175 gos
329 3097 436 3175 plures,
450 3115 533 3155 suum
551 3096 683 3158 delictum
700 3097 774 3172 quod
789 3098 817 3156 in
832 3099 1175 3167 alteriusdedecuseedat,
1190 3099 1350 3158 confitendo

261 3199 379 3275 aperire.
403 3197 463 3254 “Si
478 3197 603 3273 speciem
617 3200 726 3275 peccati
735 3200 897 3274 exprimere
911 3219 968 3258 non
983 3200 1084 3276 possit,
1096 3200 1153 3257 nisi
1163 3197 1349 3275 exprimendo

261 3314 414 3373 personam
428 3314 493 3354 curn
508 3314 564 3368 qua
577 3300 717 3374 peccavit,
732 3306 800 3373 puta
813 3299 837 3355 si
856 3318 920 3358 curn
942 3318 1040 3357 sorore
1056 3299 1218 3365 concubuit,
1232 3315 1350 3356 necesse

262 3403 315 3463 est,
327 3404 358 3453 ut
366 3394 555 3472 exprimendo
569 3399 678 3473 peccati
687 3398 823 3474 speeiem,
834 3401 976 3475 exprimat
984 3389 1185 3475 personarn.'’³
1205 3397 1349 3470 Equidem

262 3495 392 3554 divinum
413 3505 588 3572 praeceptum
608 3495 761 3557 confitendi
780 3496 1027 3576 debetpraevalere
1048 3499 1132 3556 lamae
1155 3515 1280 3565 reorum,
1301 3497 1351 3569 qui

262 3592 410 3670 peccando
443 3597 470 3652 ei
495 3594 706 3666 quodammodo
735 3599 913 3655 renuntiasse
940 3597 1076 3656 censendi
1110 3606 1185 3664 sunt,
1213 3605 1350 3670 quatenus

226 3681 227 3684 ¹
262 3700 366 3749 norunt
386 3690 540 3749 confitendi
565 3693 667 3771 legem.
710 3695 853 3754 Praeterea
873 3697 1065 3756 confessarius
1085 3697 1251 3773 prohibetur
1273 3696 1352 3753 omni

262 3808 317 3848 usu
333 3789 449 3858 notitia,
465 3791 514 3862 qui
538 3792 567 3848 in
590 3795 753 3868 poenitentis
775 3814 928 3873 gravamen
953 3798 1059 3874 vergat,
1075 3796 1120 3854 vel
1140 3794 1237 3853 odium
1264 3795 1354 3871 pariat

264 3898 453 3976 sacramento.
495 3890 606 3949 Ancilla
620 3893 705 3968 igitur
717 3894 857 3953 sacerdoti
876 3906 943 3954 ncta
957 3895 1191 3954 consuetudinem
1213 3893 1351 3971 peccandi

266 4010 354 4065 quam
367 3989 451 4048 habet
464 4009 529 4048 cum
549 3991 620 4050 hero
632 3991 708 4050 licite
723 3995 821 4069 aperit,
837 4004 868 4053 ut
887 4015 946 4054 auae
967 3996 1097 4054 consulat
1116 3994 1215 4053 saluti:
1238 4013 1304 4053 nam
1327 3995 1352 4051 si

264 4092 446 4151 occasionem
457 4091 631 4168 proximam,
643 4092 739 4166 inqua
752 4104 888 4164 versatur,
899 4113 956 4152 non
968 4095 1101 4164 declaret,
1110 4093 1266 4152 remedium
1278 4092 1355 4151 adhi-

263 4191 325 4250 beri
339 4210 396 4251 non
406 4192 517 4270 poterit.
551 4191 656 4250 Mulier
669 4211 739 4265 quas
753 4194 869 4252 maritus
883 4202 997 4253 exercet
1010 4204 1082 4253 artes
1092 4195 1215 4267 iniquas,
1230 4192 1354 4260 furendi,

363 4401 406 4465 (l)
426 4403 450 4448 2.
463 4404 486 4452 2.
495 4417 536 4465 qu.
548 4401 610 4451 ccliv
621 4406 664 4452 art.
672 4401 706 4452 ix.
718 4401 747 4450 ad
757 4403 781 4450 3.
1008 4404 1050 4470 (2)
1072 4401 1102 4452 L,
1112 4403 1143 4452 vi,
1156 4417 1181 4452 ῃ,
1192 4403 1251 4450 470,

591 4488 632 4552 (3)
652 4487 678 4535 S.
689 4487 778 4536 Thom.
794 4487 879 4551 Opusc
891 4486 933 4537 xii.
945 4502 986 4553 qu.
998 4488 1039 4538 vii.
