3124 5168
282 571 302 625 2
559 564 616 624 DE
638 563 832 626 MATERIA
852 565 911 626 ET
931 565 1089 626 FORMA.

283 733 363 791 sibus
377 732 533 810 subjectus,
546 732 596 806 qui
615 732 704 792 instar
724 733 766 792 rei
788 734 842 792 sit:
864 751 899 792 v:
920 751 956 810 g:
977 733 1123 793 consessio
1142 739 1326 809 peccatorum
1339 731 1376 790 ad

283 832 397 892 veniam
409 833 439 890 iu
452 839 630 891 sacramento
642 831 858 911 impetrandam.
900 830 1029 892 Remota
1042 833 1160 891 materia
1172 831 1275 890 dicitur
1287 832 1375 890 resin

285 949 317 990 sc
332 940 474 1009 spectata3
490 931 637 1010 proxima
650 933 748 992 estrei
760 951 847 992 usus:
862 932 905 990 sic
918 950 991 1004 aqua
1003 940 1047 990 est
1058 939 1167 991 remota
1179 931 1297 989 materia
1310 932 1379 1008 bap·

284 1031 380 1101 tismi;
402 1031 509 1090 ablutio
521 1041 565 1090 est
577 1032 709 1110 proxima
721 1032 848 1090 materia.
890 1029 950 1090 Res
970 1031 1114 1090 sensibilis
1134 1029 1296 1104 requiritur,
1309 1046 1377 1088 nam

286 1148 327 1188 em
340 1131 464 1189 materie
483 1130 628 1206 portiones
642 1148 705 1204 quse
719 1147 820 1190 sensus
840 1131 961 1190 omnino
982 1129 1131 1206 effugiunt,
1145 1147 1204 1188 non
1225 1137 1378 1188 censentur

285 1229 486 1289 communibus
500 1229 648 1288 vocabulis
661 1229 756 1306 panis,
770 1229 841 1298 vini,
855 1237 909 1288 etc.

325 1333 354 1386 3.
375 1326 489 1387 Formo
509 1329 678 1388 sacramenti
700 1338 767 1388 sunt
786 1329 872 1388 verba
890 1345 953 1402 que
978 1328 1125 1388 materiam
1152 1325 1188 1385 ad
1207 1329 1376 1385 sacramenti

284 1427 424 1487 rationem
438 1426 636 1496 determinant,
646 1427 693 1488 vel
705 1428 761 1487 alia
773 1447 835 1502 quse
846 1426 996 1486 verborum
1006 1427 1065 1485 vim
1075 1427 1190 1486 habeut.
1211 1426 1262 1485 Sic
1270 1425 1376 1484 ablutio

285 1545 348 1599 que
361 1535 569 1585 sacramentum
583 1534 627 1586 est
639 1527 783 1605 baptismi,
798 1527 833 1584 ab
847 1525 901 1584 alia
920 1525 1020 1599 quavis
1034 1525 1179 1585 ablutione
1193 1525 1376 1602 distinguitur

285 1625 406 1684 vocibus
419 1625 493 1684 illis:
510 1633 529 1661 ‘⁴
541 1643 596 1702 ego
610 1633 637 1684 te
652 1627 769 1704 baptizo
782 1626 813 1684 in
825 1626 942 1684 nomine
957 1625 1062 1693 Patris,
1076 1634 1105 1683 et
1117 1625 1196 1693 Filii,
1211 1634 1240 1683 et
1253 1625 1377 1701 Spiritus

287 1723 417 1782 Sancti.'’
469 1723 560 1801 Signa
581 1724 685 1798 quibus
708 1725 779 1789 muti
812 1724 955 1784 declarant
986 1742 1158 1784 consensum
1183 1723 1375 1798 matrimonio,

287 1824 437 1882 verborum
451 1824 512 1882 virn
524 1823 639 1882 habent.

325 1927 354 1980 t.
377 1923 419 1982 Ut
440 1923 586 1985 materiam
607 1922 776 1981 determinet
801 1920 902 1991 forma,
928 1929 1047 1994 utraque
1068 1921 1153 1980 debet
1177 1921 1325 2000 conjungi,
1349 1929 1376 1978 et

287 2021 374 2080 simul
387 2022 519 2090 existere,
534 2022 654 2096 ideoque
667 2021 783 2080 moralis
796 2021 897 2080 saltem
911 2021 1074 2100 conjunctio
1087 2021 1227 2099 exigitur3
1241 2029 1378 2093 quatenus
1400 2067 1402 2072 ,

283 2122 369 2197 juxta
389 2117 559 2196 prudentum
582 2121 808 2188 estimationem,
829 2120 921 2180 sorma
948 2129 1099 2179 censeatur
1117 2119 1233 2178 definire
1253 2121 1379 2178 materiae

191 2228 198 2237 “
287 2236 382 2277 usum.
425 2217 475 2276 Sic
500 2220 587 2278 verba
608 2219 776 2297 proferenda
801 2228 867 2278 sunt
890 2221 919 2278 in
939 2219 1098 2296 baptismo:
1120 2218 1186 2296 Ego
1212 2227 1239 2275 te
1261 2218 1378 2295 baptizo

286 2319 316 2375 in
341 2317 458 2376 nomine
478 2318 570 2377 Patris
596 2308 635 2386 »Β
649 2317 771 2400 fundat
790 2317 904 2400 primo,
918 2326 946 2376 et
966 2318 1035 2377 Filii
1050 2306 1089 2384 >1⁴
1107 2309 1381 2400 fundctsccundo,

289 2427 318 2476 et
337 2417 460 2494 Spiritus
475 2418 573 2478 Sancti
587 2406 626 2485 ›1‹
636 2416 759 2499 fundat
777 2419 876 2478 tertio.
918 2418 951 2476 Si
973 2416 1051 2490 quod
1071 2417 1144 2505 inter
1163 2417 1250 2475 verba
1262 2416 1377 2475 stablu-

289 2518 397 2576 tionem
411 2517 566 2576 intercedat
578 2520 716 2593 temporis
729 2519 862 2594 spatium,
877 2514 947 2574 illud
965 2515 1116 2576 minimum
1136 2516 1174 2574 sit
1192 2533 1310 2575 necesse
1323 2524 1377 2583 est,

289 2614 361 2674 adeo
386 2624 417 2671 ut
443 2617 563 2688 quisque
588 2616 710 2673 aestimet
728 2635 761 2673 ea
780 2614 867 2673 simul
886 2631 960 2672 esse.
1002 2615 1123 2674 Moralis
1146 2615 1195 2675 illa
1214 2615 1378 2691 conjunctio

288 2711 398 2770 videtur
411 2710 523 2780 adesse,
538 2711 652 2785 quando
665 2713 730 2787 quis
743 2714 837 2772 verbis
851 2713 968 2790 prolatis
982 2714 1076 2773 statim
1090 2713 1186 2782 abluit,
1200 2715 1240 2774 uti
1253 2715 1284 2772 in
1296 2732 1376 2772 more
1459 2717 1462 2723 “

289 2819 333 2868 est
347 2811 503 2888 Baptistis;
524 2811 571 2869 vel
592 2810 735 2870 ablutione
755 2813 829 2872 facta
851 2813 947 2870 animo
966 2812 1140 2890 baptizandi,
1161 2813 1255 2872 statim
1272 2811 1380 2890 profert

289 2911 383 2968 verba.
426 2908 453 2967 E
467 2918 566 2969 contra
578 2909 651 2968 nihil
664 2911 818 2988 perficitur,
833 2913 857 2971 si
873 2910 936 2985 quis
956 2929 1060 2990 magno
1080 2913 1216 2990 temporis
1230 2911 1379 2970 intervallo

274 3010 335 3069 ·vcl
355 3010 441 3068 unius
461 3007 555 3070 Pater
574 3017 676 3072 noster
696 3030 786 3082 mora,
805 3012 891 3070 verba
910 3012 945 3069 ab
962 3011 1105 3070 ablutione
1119 3003 1254 3090 separet.¹
1295 3011 1380 3069 Nihil

289 3112 373 3170 etiam
387 3091 569 3187 perficeretur
581 3111 607 3168 si
622 3109 728 3170 ablutio
741 3112 814 3170 sacta
826 3112 864 3168 sit
876 3112 984 3182 absque
998 3109 1056 3167 ulla
1075 3110 1210 3169 relatione
1224 3109 1260 3168 ad
1274 3111 1379 3176 verba;

287 3212 355 3269 licet
371 3210 434 3266 haec
453 3209 590 3285 deinceps
613 3211 723 3286 prolata
744 3212 810 3280 sint,
833 3228 908 3268 novo
930 3191 1071 3282 concepto
1091 3208 1232 3268 consilio:
1255 3229 1320 3269 narn
1340 3227 1379 3267 ex

289 3308 447 3366 intentione
471 3307 634 3385 conjunctio
656 3307 705 3366 illa
725 3309 848 3368 materie
869 3327 934 3366 cum
954 3306 1046 3366 sorma
1059 3304 1174 3384 pendet.
1216 3309 1330 3368 Arctior
1348 3310 1379 3368 in

291 3405 458 3480 quibusdam
474 3407 656 3465 sacramentis
670 3426 728 3485 prae
749 3409 856 3467 caeteris
876 3408 1000 3466 materiae
1019 3425 1084 3466 eum
1104 3407 1195 3466 forma
1214 3408 1380 3484 conjunctio

289 3507 422 3582 exigitur,
437 3507 510 3564 sicut
522 3506 551 3565 in
565 3505 748 3565 Eucharistia
759 3508 846 3565 verba
866 3514 1035 3582 praesentem
1050 3505 1199 3583 designant
1220 3506 1380 3576 materiam,

289 3622 342 3662 nec
356 3603 453 3662 reserri
466 3599 589 3681 possunt
601 3603 636 3662 ad
650 3605 796 3664 materiam
817 3621 887 3662 mcx
910 3603 1093 3673 afferendam,
1115 3605 1150 3663 de
1171 3624 1226 3679 qua
1245 3603 1302 3663 dici
1321 3624 1382 3666 non
1430 3653 1433 3656 Α
1529 3651 1530 3660 ,

290 3714 406 3780 posset:
435 3711 455 3739 ‘⁴
468 3702 567 3772 Hoc‚”
590 3702 699 3762 “hie'’
739 3703 774 3763 ln
796 3704 969 3781 poenitentiae
989 3714 1167 3764 sacramento
1183 3703 1287 3782 judicii
1307 3706 1379 3764 ratio

290 3803 438 3878 reperitur,
453 3812 482 3860 et
503 3803 643 3862 sententia
663 3822 757 3862 causae
779 3804 972 3880 cognitionem
992 3823 1050 3864 non
1070 3801 1231 3864 necessarid
1252 3805 1381 3877 sequitur

292 3901 386 3960 statim
399 3922 407 3958 ι
429 3901 480 3960 sed
493 3903 562 3961 satis
575 3912 619 3961 est
630 3912 662 3961 ut
673 3919 738 3962 reus
751 3921 878 3980 praesens
892 3903 930 3961 sit
937 3902 1038 3981 judici,
1053 3905 1102 3977 qui
1110 3905 1173 3982 jam
1186 3921 1300 3962 causam
1315 3922 1381 3980 eog-

235 4014 237 4020 '
290 4003 380 4070 novit,
390 4000 466 4073 unde
479 4021 542 4075 quae
555 4001 724 4078 proferenda
736 4003 774 4061 sit
785 4002 925 4061 sententia
937 4021 974 4060 ex
984 4020 1077 4060 causae
1088 4003 1198 4062 meritis
1211 4003 1298 4062 etiam
1306 4001 1380 4080 apud

290 4122 321 4161 se
344 4111 464 4162 statuat:
492 4109 616 4160 attamen
639 4101 674 4160 ad
696 4103 833 4181 majorem
855 4102 1047 4170 securitatem,
1068 4100 1142 4160 solet
1166 4103 1308 4179 poenitens
1331 4103 1381 4175 qui

291 4202 398 4278 pluries
412 4202 513 4280 sejam
527 4209 663 4260 statuerat
675 4201 866 4270 confitentem,
881 4200 1011 4275 quaedam
1021 4209 1162 4262 morante
1171 4201 1380 4261 absolutionem

291 4300 428 4370 confiteri,
443 4313 471 4359 et
484 4321 546 4375 quae
562 4302 624 4381 jam
644 4301 793 4361 confessus
814 4309 868 4369 est,
882 4319 958 4360 nova
970 4301 1093 4376 quadam
1107 4302 1289 4362 accusatione
1303 4319 1380 4361 corn·

679 4531 722 4596 (t)
742 4528 768 4578 s.
780 4527 855 4594 Alph.
867 4528 963 4580 ιω.
976 4530 1004 4587 s,
