3172 5172
409 530 466 590 DE
488 529 787 625 SUSCEP'fIONE
809 527 1126 589 EUOHARISTIAE.
1273 535 1312 591 97

224 715 283 756 non
303 697 356 756 fuit
374 697 549 757 sufficienter
568 699 724 756 contritus:
746 695 799 756 sed
817 695 918 754 devote
938 706 967 754 et
986 706 1146 756 reverenter
1165 695 1314 765 accedens,

226 806 416 869 consequetur
441 816 492 873 per
513 798 569 856 hoc
588 809 797 857 sacramentum
820 796 938 874 gratiam
965 795 1107 854 charitatis
1128 816 1191 870 qum
1211 797 1315 855 contri·

227 897 333 955 tionem
363 897 501 972 perficiet,
515 907 544 955 et
565 897 763 956 remissionem
789 887 1021 972 peccatorum.''¹
1071 895 1314 972 Concupiscentia

225 995 310 1053 etiam
323 996 460 1054 minuitur
473 996 508 1054 iis
522 996 571 1069 qui
583 996 686 1056 devote
700 995 860 1071 suscipiunt
872 993 1095 1064 Eucharistiam,
1107 1005 1135 1054 et
1147 998 1212 1073 pius
1223 998 1313 1056 animi

224 1093 341 1153 affectus
354 1095 475 1154 fovetur.
497 1093 607 1173 Pignus
617 1096 740 1168 denique
754 1104 798 1152 est
810 1093 988 1172 praecipuurn
1002 1093 1065 1152 vita
1079 1104 1209 1154 aetemae:
1234 1095 1315 1164 “Qui

224 1193 376 1254 manducat
400 1213 495 1255 meam
521 1213 646 1263 carnem,
663 1204 691 1253 et
709 1194 779 1252 bibit
801 1211 897 1252 meum
921 1193 1099 1270 sanguinem,
1123 1195 1208 1253 habet
1226 1196 1314 1256 vitam

225 1302 357 1354 ntemnm
371 1313 379 1362 ;
393 1303 422 1352 et
433 1313 489 1372 ego
502 1293 678 1354 resuscitabo
690 1309 757 1351 eum
770 1292 800 1350 in
813 1292 974 1350 novissimo
986 1285 1084 1351 dic.''²

263 1397 313 1452 70.
335 1392 559 1453 communionis
572 1393 731 1467 frequentia
744 1391 870 1448 maxime
883 1389 1025 1449 laudanda
1038 1397 1090 1460 est,
1105 1393 1130 1450 si
1140 1393 1264 1454 studium
1278 1395 1313 1455 ad

225 1492 353 1551 mimum
375 1501 451 1551 tanto
470 1492 577 1569 hospiti
603 1490 761 1569 parandum
783 1487 959 1558 adhibeatur,
997 1502 1169 1568 quapropter
1189 1493 1314 1567 quotidie

225 1609 290 1648 eam
303 1591 518 1667 suscipiendam
543 1609 578 1649 ea
596 1590 758 1650 conditione
783 1588 885 1648 suadet
903 1589 935 1647 S.
958 1589 1105 1650 Thomas:
1127 1610 1215 1665 quum
1236 1595 1315 1654 enim

226 1688 349 1748 dixisset
361 1708 399 1748 ex
418 1699 497 1766 parte
510 1690 690 1759 sacramenti,
711 1690 794 1766 cujus
804 1689 891 1748 virtus
905 1698 950 1746 est
959 1690 1060 1749 animae
1073 1690 1214 1761 salomis,
1228 1710 1316 1771 expe·

226 1786 288 1847 dire
301 1797 333 1846 ut
346 1789 472 1862 quotidie
492 1801 629 1858 sumatur,
644 1789 789 1866 adjunxit:
811 1788 898 1848 “alio
919 1788 1006 1848 modo
1024 1799 1121 1867 potest
1141 1791 1315 1852 considerari

225 1897 356 1965 exparte
370 1889 521 1958 sumentis,
545 1891 576 1948 in
598 1907 656 1962 quo
676 1889 837 1961 requiritur,
858 1897 891 1946 ut
910 1906 976 1946 cum
1000 1908 1103 1967 magna
1122 1887 1273 1953 devotione
1289 1900 1318 1949 et

226 1989 382 2047 reverentia
394 1987 430 2046 ad
442 1988 497 2047 hoc
517 1997 726 2048 sacramentum
747 1986 872 2045 accedat.
914 1986 954 2044 Et
967 1986 1032 2046 ideo
1045 1989 1070 2046 si
1083 1987 1185 2061 aliquis
1200 2007 1231 2048 se
1245 2008 1316 2063 quo·
1380 1999 1382 2013 ¹

228 2086 295 2146 tidie
315 2087 418 2147 adhoc
432 2097 560 2164 paratum
574 2088 708 2154 inveniat,
729 2086 871 2144 laudabile
894 2095 947 2154 est,
969 2086 1046 2161 quod
1065 2087 1190 2161 quotidie
1213 2101 1316 2150 sumat.

228 2184 313 2245 Unde
327 2189 515 2265 Augustinus,
536 2207 601 2246 cum
622 2187 754 2253 dixisset,
770 2187 897 2262 ‘Accipe
912 2186 1049 2258 quotidie,
1071 2197 1102 2245 ut
1124 2189 1252 2261 quotidie
1265 2191 1316 2248 tibi

227 2287 320 2362 prosit
328 2285 347 2353 ;’
370 2287 526 2362 subjungit,
548 2286 616 2344 ‘Sic
636 2289 701 2344 vive
722 2294 754 2343 ut
773 2285 901 2360 quotidie
916 2286 1051 2343 merearis
1065 2287 1216 2360 accipere!
1258 2287 1318 2348 Sed

229 2385 296 2457 quia
308 2385 452 2442 multoties
465 2386 495 2444 iu
509 2385 636 2461 pluribus
649 2384 823 2452 hominibus,
846 2383 932 2441 multa
956 2382 1159 2460 impedimenta
1171 2384 1257 2463 hujus
1271 2386 1318 2445 de·

228 2483 353 2544 notionis
376 2493 538 2552 occurrunt,
565 2493 680 2562 propter
704 2485 833 2561 corporis
854 2482 1115 2559 indispositionem‚
1138 2483 1184 2541 vel
1204 2485 1316 2555 animae,

229 2601 287 2642 non
300 2592 345 2642 est
356 2585 425 2643 utile
440 2585 571 2643 omnibus
586 2585 750 2644 hominibus
765 2583 890 2657 quotidie
903 2583 939 2642 ad
953 2582 1009 2643 hoc
1022 2593 1227 2642 sacramentum
1239 2603 1317 2644 acce·

229 2681 306 2752 dere,
320 2683 372 2742 sed
385 2685 623 2758 quotiescumque
644 2702 675 2741 se
701 2683 736 2741 ad
755 2682 824 2742 illud
847 2683 935 2742 homo
958 2684 1098 2742 invenerit
1117 2695 1317 2763 preparatum.

230 2781 313 2842 Unde
326 2785 357 2842 in
369 2784 441 2843 libro
456 2783 494 2842 da·
505 2784 706 2843 ecclesiasticis
720 2782 898 2861 dogmatibus
912 2783 1023 2852 dicitur,
1047 2783 1199 2852 ‘Quotidie
1213 2786 1317 2845 eucha-

231 2883 319 2940 ristioe
345 2884 580 2942 communionem
604 2884 734 2960 accipere
760 2901 813 2940 nec
838 2881 933 2952 laudo,
954 2902 1007 2941 nec
1027 2880 1205 2961 vitupero.'’³
1245 2886 1320 2945 Rem

228 2981 396 3042 confessarii
404 2981 516 3061 judicio
528 2983 637 3041 remisit
647 2983 832 3041 Innocentius
845 2976 916 3040 xl.⁴
957 2981 1061 3040 Paucis
1072 2984 1123 3056 qui
1132 2983 1318 3042 ferventiores

229 3088 305 3150 sunt,
319 3091 347 3140 ct
360 3082 439 3142 nullo
453 3082 615 3141 detinentur
628 3082 844 3160 impedimento,
859 3079 983 3157 permitti
994 3089 1088 3159 potest
1101 3079 1226 3154 quotidie
1240 3100 1320 3140 acce·

229 3179 315 3239 dere:
337 3181 388 3240 sed
401 3183 573 3260 conjugibus
587 3182 694 3250 invitis,
709 3192 842 3240 accessus
861 3180 997 3254 frequens
1017 3198 1076 3242 non
1088 3180 1171 3242 debet
1185 3179 1318 3240 concedi.

231 3279 329 3338 Semel
350 3283 380 3339 in
400 3280 578 3340 hebdomada
604 3283 640 3340 iis
661 3283 711 3355 qui
736 3281 817 3340 nullo
840 3289 970 3340 tenentur
991 3280 1093 3340 affectu
1114 3279 1149 3338 ad
1171 3290 1319 3358 peccatum

230 3379 352 3449 veniale,
366 3382 510 3440 concessit
529 3381 561 3439 S.
576 3380 747 3440 Franciscus
766 3380 895 3439 Salesius
917 3379 1062 3440 accedere.
1104 3380 1256 3455 Plerisque
1270 3381 1320 3455 qui

228 3488 344 3556 peccata
356 3481 486 3540 mortalia
498 3481 598 3548 vitant,
621 3481 711 3540 semel
732 3481 832 3539 saltem
856 3481 886 3538 iu
906 3499 1005 3540 mense
1027 3480 1162 3538 accedere
1184 3479 1242 3539 tutd
1256 3499 1320 3559 per·

229 3578 363 3638 mittitur:
386 3581 439 3639 sed
463 3579 641 3658 vigilandum
666 3599 703 3638 ne
723 3580 910 3658 cupiditatum
936 3582 1011 3640 servi
1029 3569 1091 3640 'hoc
1112 3592 1320 3640 sacramentum

230 3677 420 3752 frequentent,
447 3699 559 3739 morum
586 3679 785 3738 emendatione
811 3681 957 3758 neglecta:
989 3681 1119 3740 damnata
1145 3683 1252 3761 quippe
1278 3693 1322 3742 est

230 3778 408 3854 propositio:
431 3787 451 3816 ‘⁴
463 3779 615 3853 Frequens
641 3779 785 3839 confessio
808 3789 836 3838 et
854 3781 1019 3840 communio
1045 3782 1130 3840 etiam
1150 3783 1180 3840 in
1202 3783 1249 3841 his
1271 3783 1320 3854 qui

231 3873 372 3952 gentiliter
384 3879 494 3947 vivunt,
508 3888 553 3937 est
565 3889 632 3938 ncta
644 3877 951 3957 praedestinationis.”⁵
983 3879 1043 3939 Sed
1057 3888 1085 3938 et
1096 3881 1175 3957 rigor
1188 3894 1322 3954 quorum·

232 3972 298 4033 dam
313 3971 462 4034 damnatus
474 3983 535 4036 e'st:
558 3963 727 4039 “Similiter
739 3978 853 4039 arcendi
866 3988 933 4038 sunt
952 3999 969 4038 a
991 3980 1204 4046 communione,
1219 3978 1322 4050 quibus

231 4071 360 4134 nondum
373 4073 449 4132 inest
460 4095 540 4136 amor
552 4077 610 4138 Dei
623 4080 794 4157 purissimus
807 4087 837 4136 et
848 4079 944 4139 omnis
958 4077 1106 4136 mixtionis
1120 4066 1273 4152 expers.''⁶

266 4244 310 4310 (l)
328 4242 635 4308 iiipqudnimrtiii.
670 4246 786 4314 Respa·

268 4329 311 4395 (2)
330 4327 500 4382 smnus.
804 4332 848 4398 (3)
867 4328 1160 4395 iiipqulrxmutx.
1193 4325 1269 4398 Κεφ.

269 4412 312 4478 (4)
330 4411 395 4462 Vide
406 4411 540 4465 Decretum
551 4415 579 4464 8.
592 4413 622 4464 0.
635 4429 709 4464 anno.
722 4414 796 4474 1679,
807 4429 837 4462 eo
847 4413 963 4478 probante
974 4409 1074 4460 editum.

269 4497 312 4564 (5)
331 4497 404 4563 Prop
414 4499 456 4550 lvi.
467 4500 666 4550 iritcrdamnatar
678 4499 710 4550 ab
720 4498 805 4548 Innoc
816 4498 862 4548 Xl.

269 4581 312 4648 (6)
331 4581 404 4646 Prop
415 4583 487 4634 xxiii.
496 4586 527 4635 ab
538 4585 612 4637 Alex.
621 4584 691 4637 Vlll.
702 4583 824 4635 damnata.

273 4659 350 4722 Vou.
365 4661 504 4722 111.-1o
