3108 5162
443 539 500 598 DE
522 539 697 598 NATURA
717 537 993 598 MATRIMONII.
1206 545 1263 599 301

177 723 237 763 non
255 703 343 785 ⁸luerit
365 706 535 783 baptizatus,
561 706 697 782 conjugio
718 714 813 764 tamen
835 723 900 763 cum
924 705 1011 763 altero
1029 703 1104 761 haud
1123 705 1266 780 baptizato

174 804 303 880 junctus,
317 805 410 863 omnis
430 823 516 880 opera
542 803 701 862 adhibenda
723 805 775 862 erit
795 813 828 861 ut
846 822 964 862 consors
984 805 1145 873 retineatur,
1161 805 1267 878 absque

178 902 247 961 fidei
261 913 290 960 et
302 904 413 978 pietatis
432 902 617 961 detrimento:
639 921 703 960 nam
718 903 845 960 libertate
866 903 901 960 ad
921 921 995 960 nova
1019 913 1085 960 vota
1105 905 1269 962 transeundi

178 1002 227 1059 lex
240 1002 331 1082 civilis
344 1002 400 1061 frui
413 1011 498 1070 vetat,
512 1002 569 1060 nisi
583 1002 618 1058 iis
632 1003 681 1075 qui
694 1001 815 1060 divortio
829 1002 951 1081 separati
965 1013 1048 1059 sunt:
1064 1001 1142 1076 quod
1155 1004 1180 1060 si
1193 1004 1267 1061 absit

179 1118 307 1168 consors,
322 1108 351 1157 et
363 1119 521 1161 consensus
543 1101 604 1177 ejus
619 1101 731 1173 exquiri
749 1109 881 1173 nequeat,
896 1119 985 1174 quum
1005 1100 1184 1160 domicilium
1206 1085 1268 1179 ejus

176 1198 270 1266 lateat,
285 1199 319 1256 ab
334 1199 389 1265 alio
410 1200 544 1278 conjugio
565 1199 691 1258 ineundo
705 1201 845 1257 abstinere
865 1208 987 1275 oportet,
1001 1218 1037 1257 ne
1059 1219 1141 1258 novae
1162 1201 1268 1276 nuptiae

178 1297 368 1356 offensionem
392 1300 513 1376 pariant,
527 1306 555 1354 et
574 1299 702 1374 speciem
725 1299 855 1375 bigamia
882 1297 1071 1374 praeseferant.
1114 1299 1147 1356 Si
1168 1317 1268 1376 graves

178 1397 303 1454 rationes
317 1397 457 1456 suadeant
470 1416 536 1456 eum
550 1415 566 1453 e
580 1384 846 1465 vivis'discesstsse,
861 1415 949 1469 quum
966 1395 1124 1456 diutissime
1139 1395 1269 1462 abfuerit,

180 1504 209 1552 et
232 1493 347 1553 nuntius
374 1497 468 1554 nullus
495 1496 631 1572 plurimos
656 1514 746 1554 annos
772 1495 807 1553 de
833 1514 868 1552 eo
894 1495 1049 1565 advenerit,
1076 1515 1134 1554 non
1159 1494 1271 1554 videtur
1308 1495 1309 1498 ’

182 1611 300 1652 consors
312 1594 506 1671 prohibendus
516 1595 633 1670 nuptiis,
647 1614 714 1653 nam
728 1593 797 1653 alter
805 1594 903 1667 nequit
917 1595 1036 1663 moneri,
1047 1595 1169 1669 ideoque
1179 1594 1272 1654 fidelis

179 1693 244 1769 jure
265 1711 319 1750 suo
344 1695 440 1763 utitur,
461 1695 617 1772 praesertim
644 1692 793 1753 accedente
819 1695 918 1752 mortis
941 1694 1076 1771 opinione
1102 1694 1270 1754 verosimili.

183 1791 269 1858 Quod
279 1793 304 1849 si
318 1792 352 1850 ad
363 1792 449 1852 fidem
463 1795 589 1852 converti
603 1795 754 1870 contigerit
766 1793 816 1866 qui
830 1793 863 1851 ab
877 1793 1018 1851 haereticis
1030 1792 1190 1870 baptizatus
1204 1812 1271 1851 eum

180 1890 265 1974 altera
294 1893 399 1968 pariter
423 1893 564 1970 baptizata
596 1893 708 1969 nuptias
735 1893 843 1960 inierat,
870 1893 977 1969 nuptiae
1004 1893 1164 1952 nullatenus
1200 1892 1274 1950 solvi

181 1998 298 2063 queunt,
312 1983 377 2050 ratae
391 1993 497 2069 quippe
512 2011 544 2050 ac
560 2002 763 2050 consummatae
778 2001 853 2049 sunt.
878 1991 960 2049 Side
974 1992 1115 2051 consortis
1129 1991 1273 2067 baptismo

181 2106 238 2146 non
252 2098 372 2159 constet,
387 2109 440 2149 nec
463 2099 571 2148 eertum
587 2091 682 2149 haberi
696 2101 781 2165 queat
800 2090 1003 2158 testimonium,
1018 2092 1048 2150 in
1070 2109 1132 2148 eam
1153 2108 1275 2167 propen-

182 2186 247 2244 dere
262 2198 374 2264 oportet
386 2191 556 2248 sententiam
571 2189 606 2247 de
619 2191 773 2267 baptismo,
782 2198 810 2246 et
823 2191 994 2248 matrimonii
1009 2190 1113 2257 valore,
1124 2191 1170 2248 cui
1180 2189 1275 2247 favent

182 2285 323 2344 indiciaet
335 2287 476 2364 adjuncta:
491 2298 521 2345 et
533 2290 558 2345 si
569 2287 637 2361 quid
645 2289 735 2345 obstet
748 2288 847 2354 valori,
862 2306 899 2345 ex
912 2287 1125 2362 dispensatione
1139 2289 1275 2365 supplen-

183 2384 263 2443 dum.
306 2386 453 2459 Equidem
478 2387 646 2463 conjugium
667 2385 757 2442 semel
784 2386 885 2443 initum
908 2385 1082 2444 censendum
1106 2396 1150 2443 est
1171 2386 1275 2452 valere,

185 2485 319 2558 quamdiu
334 2485 410 2544 obex
423 2504 480 2543 non
494 2504 525 2542 se
539 2484 656 2567 pro-dat:
679 2483 756 2558 quod
780 2485 804 2541 ri
818 2484 893 2543 bona
915 2483 972 2541 fide
993 2479 1054 2542 aliae
1076 2486 1151 2542 initae
1172 2485 1277 2542 fuerint

183 2585 300 2661 nuptiae,
327 2602 385 2644 non
405 2594 472 2642 sunt
498 2583 652 2652 solvende,
683 2582 775 2641 donec
801 2582 836 2640 dc
863 2585 951 2661 priori
977 2583 1100 2651 vinculo,
1128 2601 1158 2641 re
1192 2582 1276 2661 plene

184 2684 363 2760 investigata,
375 2684 554 2760 exploratum
566 2685 613 2742 sit.

223 2786 272 2840 49.
295 2781 405 2840 Christi
418 2783 483 2860 lege
503 2803 538 2842 ea
558 2784 602 2840 vis
616 2781 774 2840 contractui
794 2781 968 2840 matrimonii
989 2780 1076 2840 indita
1091 2790 1144 2851 est,
1158 2790 1189 2840 ut
1209 2799 1276 2840 con·

181 2882 295 2958 jugium
307 2881 515 2956 baptizatorum
529 2881 619 2940 semel
638 2889 868 2940 consummatum
880 2882 960 2940 nullo
973 2900 1100 2954 unquam
1120 2901 1187 2940 casu
1203 2880 1277 2940 solvi

186 2987 285 3051 queat:
309 2979 423 3045 “Quod
438 2979 518 3038 Deus
532 2980 690 3057 conjunxit,
705 2981 791 3038 homo
805 2998 863 3038 non
876 2975 1044 3057 separet:'’¹
1065 2979 1143 3050 quod
1157 2980 1182 3037 i
1191 2996 1276 3054 opere

185 3076 361 3153 completum
372 3096 429 3136 nou
439 3079 485 3146 rit,
495 3099 553 3137 non
567 3089 671 3136 tantam
684 3079 769 3148 habet
782 3079 855 3146 vim;
870 3098 935 3137 nam
947 3075 1057 3135 Christi
1068 3095 1134 3134 cum
1143 3077 1278 3134 Ecclesia

185 3175 417 3252 conjunctionem
431 3196 488 3236 non
502 3171 643 3236 errhibet.2
673 3177 752 3236 Hinc
762 3178 970 3255 baptizatorum
985 3175 1152 3253 conjugium
1164 3182 1277 3241 ratum,

187 3274 264 3350 quod
278 3275 386 3334 scilicet
399 3277 501 3335 initum
511 3288 563 3346 est,
579 3276 699 3335 sednon
713 3287 953 3343 consummatum,
963 3276 1084 3333 solvitur
1098 3273 1277 3353 professione

185 3374 332 3454 religionis
347 3375 503 3434 alterutrius
518 3376 659 3454 conjugis,
669 3375 740 3434 adeo
753 3378 861 3434 utalter
873 3375 965 3433 valeat
972 3393 1060 3433 novas
1071 3374 1143 3433 inire
1153 3374 1276 3450 nuptias:

187 3475 283 3548 “quia
296 3493 362 3532 cum
374 3493 433 3534 non
447 3475 567 3533 luissent
579 3494 636 3533 una
655 3494 720 3533 caro
733 3475 820 3534 simul
834 3473 939 3543 effecti,
954 3474 1022 3531 satis
1036 3482 1129 3550 potest
1147 3492 1222 3532 unus
1244 3471 1279 3530 ad

185 3573 281 3633 Deum
302 3575 429 3644 transire,
445 3585 473 3632 et
495 3575 564 3632 alter
585 3575 615 3632 in
635 3574 740 3632 saeculo
761 3569 931 3633 manere.”³'
970 3573 1047 3631 lntra
1068 3574 1139 3632 duos
1162 3590 1278 3632 menses

186 3675 294 3752 conjux
306 3675 417 3752 cogitur
436 3674 472 3732 ad
485 3673 668 3751 Religionem
682 3675 810 3744 transire,
825 3673 871 3732 vel
884 3673 1001 3751 conjugi
1022 3672 1166 3732 adhaerere
1176 3670 1201 3730 :⁴
1223 3671 1276 3730 sed

187 3772 320 3846 quamdiu
347 3784 578 3833 consummatum
607 3792 664 3831 non
697 3772 782 3830 fuerit
813 3774 1035 3842 matrimonium,
1062 3771 1152 3831 libera
1183 3778 1281 3828 manet

185 3871 305 3930 facultas
319 3872 442 3949 eligendi
453 3873 647 3951 Religionem.
669 3873 741 3939 Quae
759 3873 913 3950 Scripturae
928 3871 1091 3930 testimonia
1105 3867 1279 3928 matrimonii

188 3971 247 4027 vim
261 3979 426 4045 perpetuam
447 3971 598 4040 declarant,
613 3971 681 4030 illud
704 3990 734 4029 re
754 3972 910 4049 perfectum
935 3979 1079 4046 spectant:
1100 3968 1173 4025 solvi
1193 3975 1280 4040 posse

190 4067 296 4128 idcireo
317 4087 334 4124 a
356 4068 476 4127 Summo
503 4070 644 4128 Pontifice
668 4071 879 4128 matrimonium
903 4077 994 4126 ratum
1021 4075 1140 4124 censent
1165 4051 1282 4139 plurimi

189 4165 327 4245 theologi,
342 4167 403 4224 aliis
423 4169 602 4245 negantibus.
645 4169 688 4227 Re
700 4169 816 4243 quidem
842 4187 908 4226 vera
935 4165 1034 4243 plures
1059 4163 1215 4222 Pontifices
1247 4183 1282 4223 ea

294 4381 337 4446 (l)
357 4379 426 4428 Matr.
437 4379 488 4428 xix.
501 4381 525 4428 6.
853 4380 894 4443 (2)
915 4377 976 4439 Cap.
989 4392 1012 4424 v.
1023 4374 1052 4424 ule
1065 4373 1190 4440 Bigomdc.

294 4467 336 4532 (3)
356 4463 610 4529 capii-decanum.
623 4466 724 4534 conjug.
852 4465 895 4530 (4)
916 4461 977 4526 Gap.
991 4460 1030 4512 vii¹
1043 4459 1124 4511 eodem
1136 4460 1176 4512 tit.

233 4562 309 4620 Von.
325 4561 463 4621 tlt-ar
