3108 5162
478 553 535 614 DE
558 555 733 616 NATURA
753 553 1029 616 MATRIMONll.
1242 559 1301 615 297

212 729 270 780 tam
297 722 369 798 ipse,
390 739 475 793 qnam
500 740 534 779 ea
553 739 619 780 cum
640 740 696 794 qua
721 721 872 788 contraxit,
898 724 1108 780 revocationem
1135 719 1301 799 hujusmodi

213 821 327 896 penitus
349 817 533 898 ignorarent)
554 820 661 880 nullius
683 821 822 880 momenti
841 820 947 889 existit,
967 840 1034 880 cunr
1047 821 1124 878 illius
1137 837 1298 878 consensus

212 916 357 986 defecerit,
372 921 435 977 sine
448 938 505 993 quo
518 920 679 977 firmitatem
693 918 798 978 habere
812 916 986 990 nequivit.''1
1026 921 1084 978 Per
1096 918 1202 978 litteras
1215 919 1300 977 etiam

212 1018 339 1076 contrahi
352 1019 426 1076 valet
440 1019 659 1086 matrimonium,
674 1035 763 1091 quum
784 1027 945 1077 contractus
966 1019 1086 1091 quilibet
1098 1019 1140 1076 sic
1155 1019 1220 1077 iniri
1234 1036 1300 1094 pos·

212 1116 265 1173 sit:
287 1115 339 1174 sed
361 1137 419 1176 non
440 1117 514 1176 solet
532 1117 594 1175 haec
616 1118 687 1176 ratio
708 1116 895 1176 contrahendi
921 1118 1131 1176 matrimonium
1157 1117 1299 1193 usurpari,

211 1232 299 1286 quum
319 1216 442 1292 plurima
460 1217 563 1274 habeat
582 1216 775 1284 incommoda,
790 1226 819 1274 et
831 1216 974 1292 pericula:
1002 1215 1052 1273 sed
1065 1235 1117 1273 nec
1132 1215 1299 1292 plerumque

210 1313 377 1373 adhibentur
391 1326 599 1391 procuratores,
618 1315 759 1372 nisiinter
773 1333 892 1391 magnos
906 1315 1061 1390 principes.

251 1415 300 1469 38.
323 1412 481 1490 Distinguit
500 1414 533 1470 S.
548 1412 714 1488 Alphonsus
734 1412 808 1470 fines
831 1413 999 1470 intrinsecos
1019 1412 1184 1471 essentiales
1208 1415 1301 1470 matri-

210 1512 300 1568 monii
315 1510 447 1570 afinibns
467 1511 629 1570 intrinsecis
644 1511 876 1578 accidentalibus,
891 1511 1000 1584 hosque
1015 1512 1147 1570 afinibus
1161 1512 1298 1569 extrinse·

212 1610 254 1667 cis
267 1609 496 1669 accidentalibus.
540 1610 660 1668 “Fines
674 1610 819 1668 intrinseci
832 1611 997 1668 essentiales
1012 1624 1078 1668 sunt
1091 1611 1165 1669 duo:
1187 1610 1300 1692 traditio

213 1718 311 1766 mutua
324 1727 390 1768 cum
404 1710 576 1786 obligatione
589 1707 726 1767 reddendi
739 1708 873 1776 debiturn,
889 1719 917 1766 et
929 1709 1073 1768 vinculum
1088 1703 1296 1769 indissolubile.
1365 1703 1368 1708 ’

211 1807 299 1865 Fines
314 1809 460 1867 intrinseci
474 1807 661 1866 accidentales
682 1809 787 1884 pariter
806 1818 873 1866 sunt
894 1807 962 1876 duo,
983 1811 1140 1884 procreatio
1161 1807 1258 1886 prolis,
1273 1819 1301 1865 et

210 1906 370 1966 remedium
396 1906 647 1983 concupiscentie.
702 1906 789 1965 Fines
815 1915 909 1964 autem
930 1907 1117 1966 accidentales
1144 1907 1300 1964 extrinseci

209 2005 325 2082 plurimi
339 2025 403 2064 esse
424 2016 546 2082 possunt
566 2016 596 2064 nt
618 2023 676 2083 pax
697 2005 885 2074 concilianda,
900 2005 1030 2083 voluptas
1044 2005 1192 2084 captanda,
1208 1999 1302 2063 etc.”²

211 2103 333 2163 Constat
345 2105 453 2164 nullum
478 2123 544 2163 esse
564 2123 651 2182 posse
670 2105 882 2164 matrimonium
905 2105 1012 2179 absque
1025 2119 1123 2164 mutua
1136 2104 1183 2164 illa
1196 2104 1302 2180 obliga·

209 2203 285 2262 tione
308 2213 336 2261 et
355 2205 487 2263 vinculo:
509 2204 562 2262 sed
582 2203 681 2262 haberi
704 2211 807 2280 potest,
829 2205 982 2280 licetquis
1002 2224 1060 2264 non
1081 2206 1136 2263 sibi
1158 2211 1301 2281 proponat

211 2302 319 2377 prolem
334 2304 460 2380 gignere,
472 2322 557 2362 senes
570 2304 650 2386 enirn*
661 2303 774 2379 nuptias
788 2303 882 2362 solent
894 2304 974 2361 inire.
1017 2304 1075 2371 Qui
1087 2304 1300 2362 matrimonium

210 2399 351 2459 contrahit
363 2401 393 2459 in
406 2402 562 2461 remedium
582 2402 833 2478 concupiscentis,
855 2401 966 2461 videtur
985 2402 1129 2477 plerisque
1150 2402 1299 2459 venialiter

210 2516 338 2574 peccare,
353 2518 388 2559 eo
402 2500 479 2574 quod
491 2502 557 2560 finis
571 2503 704 2579 proprius
725 2501 763 2559 sit
775 2500 865 2578 prolis
879 2502 1055 2578 procreati03
1077 2500 1128 2558 sed
1141 2499 1204 2557 aliis
1219 2497 1297 2556 vide·

211 2607 256 2656 tur
269 2598 303 2655 ab
317 2601 396 2658 omni
409 2601 494 2676 culpa
506 2610 669 2667 excusatus,
683 2601 838 2676 Apostolus
852 2601 929 2659 enim
944 2601 999 2658 ait:
1022 2609 1167 2676 “propter
1180 2597 1300 2658 fornica·

209 2699 315 2756 tionem
342 2701 541 2772 unusquisqne
566 2717 687 2758 uxorem
713 2717 794 2756 suam
821 2699 931 2767 habeat,
955 2708 984 2756 et
1008 2716 1187 2772 unaquaeque
1215 2715 1299 2756 suum

207 2792 349 2855 vimm.''³
388 2797 458 2857 Ideo
481 2810 576 2856 autern
597 2807 691 2875 patres
711 2797 843 2857 videntur
861 2798 938 2857 hunc
958 2797 1045 2856 finem
1066 2798 1156 2876 culpoe
1170 2814 1298 2874 arguere,

209 2897 276 2968 quia
295 2895 413 2954 libidine
433 2897 480 2973 agi
502 2897 640 2973 conjuges
660 2906 841 2975 supponunt:
863 2896 940 2971 quod
966 2898 991 2954 si
1012 2897 1079 2956 huic
1105 2905 1299 2974 repugnantes

210 2993 380 3050 infirmitatis
401 3004 528 3067 querant
554 2994 723 3063 remedium,
747 3015 805 3054 non
832 2995 963 3054 videntur
988 2995 1133 3072 culpandi.
1176 2995 1299 3063 Quando

210 3091 274 3164 quis
288 3091 375 3150 linem
389 3095 444 3152 sibi
457 3094 593 3170 proponit
604 3096 798 3154 extrinsecum
816 3103 845 3152 et
857 3093 1071 3162 accidentalem,
1087 3093 1218 3152 eircusari
1232 3111 1297 3150 eum
1312 3137 1314 3142 .

209 3189 242 3246 S.
266 3188 433 3266 Alphonsus
455 3193 610 3261 existimat,
637 3195 663 3251 si
681 3193 747 3252 finis
770 3212 820 3271 per
842 3213 873 3252 se
897 3195 935 3251 sit
954 3192 1102 3261 honestus,
1124 3210 1158 3249 v:
1183 3211 1219 3270 g:
1242 3208 1299 3266 pax

209 3289 391 3359 familiarum,
418 3291 535 3350 honoris
561 3309 659 3351 earum
685 3294 882 3352 conservatio:
909 3310 992 3350 secus
1018 3293 1042 3350 si
1069 3292 1134 3350 finis
1160 3291 1197 3350 sit
1222 3307 1299 3348 mera

209 3389 350 3466 voluptas,
366 3389 526 3450 divitiarum
541 3391 693 3468 cupiditas,
707 3393 833 3451 ambitio.

531 3637 556 3712 §.
579 3637 619 3696 ΙΙ.
661 3636 709 3696 Dn
730 3655 975 3696 connrrronnrus.

248 3824 299 3877 39.
321 3821 458 3881 Conditio
483 3824 613 3900 apposita
638 3825 792 3882 consensui
811 3843 877 3883 eum
899 3823 1058 3900 suspendit,
1073 3827 1099 3882 si
1113 3824 1147 3882 de
1160 3842 1191 3881 re
1206 3823 1299 3882 futura

209 3919 385 3995 contingenti
399 3931 513 3997 agatur;
527 3941 562 3979 v:
578 3942 614 4000 g:
630 3922 658 3980 ai
665 3930 755 4001 pater
769 3918 987 3982 consenseritr⁴
1000 3922 1225 3996 quaconditione
1239 3939 1298 3979 non

207 4015 334 4090 impleta,
348 4036 506 4077 consensus
519 4021 614 4078 irritus
627 4032 688 4080 est:
703 4023 745 4080 sio
758 4023 783 4080 si
796 4024 839 4080 vir
852 4023 964 4080 mulieri
979 4021 1092 4096 nuptias
1106 4015 1298 4095 polliceatur,⁵

211 4112 367 4172 dummodo
393 4119 546 4192 pecuniam
569 4118 720 4193 quamdam
747 4121 845 4189 donet,
869 4138 927 4179 non
958 4117 1107 4184 tenebitur,
1141 4118 1205 4192 ipsa
1230 4116 1296 4174 dare

275 4308 318 4373 (1)
338 4306 401 4372 0⁸1>-
413 4307 646 4376 ult-deman
658 4313 681 4361 s.
831 4313 873 4378 (a)
893 4310 1003 4360 ιω.
1015 4311 1073 4359 esa.

273 4394 317 4459 (³)
340 4391 474 4444 ¹⁰⁰¹·Vli·
486 4397 509 4442 2·
825 4398 868 4463 (t)
889 4394 952 4459 Gap.
962 4410 985 4443 v.
997 4392 1228 4448 deoondiliont'bus.

828 4484 871 4549 (5)
891 4480 953 4545 Cep·
964 4480 998 4532 iii.
1010 4479 1092 4534 eodem
1104 4479 1145 4533 tit.
