3124 5168
484 570 540 630 DE
561 569 756 630 MATERIA
775 569 833 630 ET
850 567 1010 630 FORMA.
1278 574 1297 628 5

206 741 239 801 in
251 757 402 799 numerum
416 738 539 815 plurium
552 738 671 796 mutatio
691 736 798 810 absque
818 737 986 796 necessitate
1006 735 1089 804 iacta,
1110 733 1178 794 dum
1196 734 1293 813 plures

207 840 395 917 baptizantur,
404 838 450 897 vel
460 839 652 907 absolvuntur,
664 857 680 894 a
692 837 772 914 gravi
784 835 868 914 culpa
877 855 894 894 a
903 834 995 896 Oroix
1007 827 1184 904 excusatur,¹
1197 842 1294 914 utpote

208 937 284 997 haud
296 938 448 998 notabilis:
468 937 520 996 sed
532 936 615 997 valde
628 935 863 1014 reprehendenda
875 945 928 995 est.

246 1043 276 1098 t.
297 1037 441 1098 Damnata
459 1046 504 1096 est
525 1037 701 1116 propositio:
724 1044 744 1072 ‘⁴
754 1036 825 1096 Non
846 1044 892 1095 est
910 1034 1040 1094 illicitum
1059 1031 1091 1094 in
1111 1034 1294 1094 sacramentis

115 1190 131 1201 ..
206 1137 387 1197 conferendis
400 1139 483 1213 sequi
495 1137 661 1216 opinionem
670 1135 846 1213 probabilem
856 1134 892 1194 de
902 1136 999 1194 valore
1008 1133 1188 1202 sacramenti,
1198 1132 1296 1194 relicta
1357 1133 1360 1138 '

208 1237 321 1307 tutiore,
343 1238 401 1297 nisi
419 1238 449 1296 id
471 1246 547 1296 vetet
564 1237 622 1304 lex,
645 1236 807 1304 conventio,
829 1235 875 1294 vel
895 1234 1054 1313 periculum
1077 1233 1174 1312 gravis
1197 1232 1295 1293 damni

208 1335 381 1396 incurrendi.
423 1335 503 1396 Hinc
521 1335 660 1406 sententia
679 1335 819 1413 probabili
838 1343 946 1395 tantum
965 1333 1103 1394 utendum
1122 1352 1182 1394 non
1201 1340 1245 1392 est
1266 1334 1297 1392 in

209 1436 359 1496 collatione
379 1437 523 1514 baptismi,
544 1435 654 1495 ordinis
668 1433 861 1502 sacerdotalis,
882 1442 929 1492 aut
945 1429 1167 1510 episcopalis.’'²
1206 1431 1297 1510 igitur

209 1536 317 1610 absque
330 1536 389 1595 ulla
400 1536 474 1614 lege,
489 1535 677 1595 conventione
690 1534 736 1594 vel
748 1534 876 1611 periculo
888 1533 982 1611 gravis
995 1531 1104 1602 damni,
1118 1531 1255 1593 nonlicet
1267 1533 1297 1592 in

148 1655 153 1664 ·
210 1637 395 1694 sacramentis
420 1634 600 1694 conserendis
633 1635 715 1706 sequi
746 1634 913 1710 opinionem
938 1633 1115 1710 probabilem
1140 1632 1176 1692 de
1201 1632 1297 1692 valore

211 1734 390 1803 sacramenti,
404 1734 502 1793 relicta
514 1735 632 1794 tutiore:
654 1752 720 1792 narn
739 1733 897 1792 reverentia
910 1731 1028 1792 Christo
1041 1732 1146 1802 debita,
1166 1739 1195 1789 et
1207 1731 1298 1790 chari·

211 1840 254 1891 tas
268 1851 334 1910 erga
346 1835 508 1910 proximum
522 1835 641 1912 exigunt
659 1841 691 1892 ut
709 1833 804 1892 tutiori
817 1832 975 1900 sententie,
989 1841 1130 1906 quatenus
1144 1832 1299 1908 possimus,

210 1931 408 1992 inhereamus.
442 1933 602 1994 Probabilis
615 1933 760 1992 nonnullis
774 1933 888 1992 videtur
899 1932 1039 1990 sententia
1052 1930 1300 1991 confirmationem

211 2050 347 2092 manuum
360 2033 544 2110 impositione
567 2053 634 2093 cum
654 2051 738 2111 prece
759 2034 911 2111 conjuncta
933 2030 1065 2100 conferri,
1088 2030 1194 2104 absquo
1211 2028 1300 2086 chris·

212 2133 295 2190 matis
321 2135 472 2204 unctione:
506 2133 559 2193 sed
584 2140 716 2212 peccaret
744 2132 912 2209 gravissime
949 2130 1103 2209 episcopus
1136 2129 1301 2190 unctionem

211 2231 357 2291 omittens.
398 2233 559 2292 Probabilis
583 2233 645 2292 aliis
667 2233 779 2291 videtur
798 2231 897 2309 opinio
916 2249 981 2290 eam
1002 2230 1124 2291 conferri
1143 2247 1178 2288 ea
1197 2245 1300 2288 manus

213 2330 398 2406 impositione
411 2348 469 2403 qua
480 2331 630 2398 titubatio,
651 2332 760 2390 omissa
779 2349 915 2390 manuum
928 2331 1095 2390 extensione
1108 2346 1174 2388 cum
1187 2329 1301 2388 invoca-

214 2429 304 2496 tione,
319 2447 381 2501 quae
392 2437 487 2486 tamen
496 2428 573 2486 haud
586 2429 647 2486 sine
661 2429 738 2504 gravi
749 2437 866 2504 peccato
879 2427 1039 2504 negligitur.
1081 2427 1131 2484 Sic
1144 2435 1172 2484 et
1183 2426 1303 2484 balsami

208 2545 275 2586 cum
288 2527 355 2588 oleo
367 2526 506 2588 admixtio
518 2527 714 2587 inchrismate
727 2523 915 2594 conficiendo,
931 2527 1015 2604 juxta
1032 2523 1220 2600 quorumdam
1234 2541 1299 2582 sen-

214 2627 332 2687 tentiam
345 2628 508 2687 necessaria
520 2646 580 2686 non
592 2635 654 2696 est;
675 2644 728 2684 nec
742 2636 837 2686 tamen
849 2625 917 2684 licet
929 2643 992 2684 eam
1006 2625 1146 2684 omittere.
1168 2625 1302 2684 Attamen

214 2727 240 2786 si
253 2735 330 2786 certa
342 2729 461 2787 materia
469 2746 529 2786 non
542 2733 684 2804 suppetat,
699 2744 734 2783 v:
751 2745 786 2804 g:
808 2726 907 2784 uinum
919 2725 955 2784 ad
968 2722 1176 2784 conficiendam
1186 2723 1302 2783 Eucha-

214 2827 334 2895 ristiam,
357 2828 435 2900 quod
454 2844 557 2904 purum
578 2845 642 2885 esse
668 2834 788 2895 constat,
810 2843 868 2885 non
882 2824 993 2884 videtur
1012 2824 1141 2884 illinitum
1167 2824 1234 2882 vino
1260 2826 1302 2882 uti

216 2925 294 3000 quod
307 2925 492 2986 adulteratum
506 2943 571 2984 esse
585 2944 748 2994 censemus,
770 2923 926 2984 dummodo
946 2925 1103 2982 substantia
1115 2923 1174 2982 uini
1187 2940 1302 2982 manere

216 3024 358 3084 videatur:
380 3043 464 3084 secus
478 3027 508 3084 in
521 3025 575 3084 hac
588 3025 704 3102 regione
719 3043 735 3082 a
749 3023 891 3082 sacrificio
904 3021 1072 3080 celebrando
1092 3023 1151 3081 scre
1165 3020 1302 3098 perpetud

216 3124 412 3186 abstinendum
423 3126 513 3186 soret:
536 3123 587 3183 scd
597 3122 791 3185 sacerdotibus
802 3119 958 3180 curandum
968 3121 1088 3179 omnino
1100 3129 1154 3186 est,
1164 3119 1304 3178 utvinum

216 3223 351 3284 habeatnr
363 3227 516 3302 integrum,
537 3224 583 3283 vel
601 3225 702 3285 saltem
719 3221 754 3280 de
775 3240 832 3295 quo
851 3228 960 3280 constet
972 3219 1159 3279 substantiam
1172 3237 1303 3278 manere:

217 3323 268 3380 vix
281 3323 357 3380 enim
371 3343 387 3380 a
399 3333 515 3398 peccato
528 3324 606 3397 gravi
618 3330 799 3390 excusantur,
813 3321 863 3394 qui
876 3320 982 3380 nnllam
996 3340 1030 3379 ea
1043 3319 1078 3379 de
1091 3338 1122 3380 re
1135 3317 1303 3379 adhibentes

218 3419 440 3490 solicitudinem,
457 3419 668 3494 'quodcumque
700 3421 761 3480 vini
791 3421 908 3480 nomine
933 3421 965 3480 in
979 3422 1128 3498 cauponis
1152 3421 1248 3488 vonit,
1272 3420 1306 3478 in

218 3520 409 3580 Eucharistiae
420 3521 600 3581 coniectione
610 3528 755 3597 usurpant.
797 3519 876 3578 Dicit
888 3519 1030 3578 Antoine:
1052 3526 1071 3555 “
1083 3518 1307 3591 nunquamlicet

220 3620 352 3680 adhibere
365 3622 513 3681 materiam
528 3620 644 3680 dubiam
657 3621 688 3679 in
701 3610 934 3679 Eucharistia.”³

257 3725 286 3779 Θ.
308 3721 344 3780 In
356 3721 541 3781 sacramentis
561 3719 740 3782 conserendis
759 3719 847 3778 licere
867 3719 909 3778 uti
931 3719 1066 3795 opinione
1087 3715 1237 3794 probabili,
1257 3718 1306 3776 ubi

219 3822 399 3897 praesumitur
419 3821 555 3881 Ecclesia
579 3821 714 3898 supplere
731 3817 971 3899 jurisdictionem,
992 3818 1038 3877 vel
1064 3816 1163 3876 tollere
1188 3815 1307 3894 impedi·

222 3929 359 3990 mentum,
383 3939 420 3979 ex
440 3921 676 3980 communissima
695 3919 835 3978 sententia
855 3915 939 3977 docet
961 3917 993 3975 S.
1014 3915 1200 3994 Alphonsus:
1222 3931 1308 3986 quam

221 4020 390 4077 sententiam
416 4020 523 4098 Sporer
542 4029 625 4081 vocat
646 4019 788 4079 moraliter
806 4026 924 4086 certam,
944 4017 1076 4089 hancque
1103 4021 1220 4072 testatur
1245 4028 1308 4066 esse

220 4118 333 4195 praxim
346 4119 429 4178 totius
442 4112 610 4180 Ecclesiae.⁴
650 4119 699 4178 Sic
713 4118 844 4178 sacerdos
858 4115 979 4176 absolvit
999 4136 1015 4173 a
1034 4119 1152 4193 peccato
1165 4118 1308 4168 reservato
