3144 5192
253 531 311 588 232
510 517 568 578 DE
590 515 774 576 MUNERE
795 515 1085 578 CONFESSARII.

254 689 374 750 charitas
388 684 493 762 obligat
514 683 550 742 ad
572 683 772 760 corrigendum
794 701 919 741 errorem
940 686 1026 742 etiarn
1045 682 1230 760 inculpatum,
1252 684 1348 756 quiin

255 788 370 848 alterius
384 784 520 844 damnum
534 785 641 860 vergit:
664 781 749 855 idque
764 783 921 858 presertim
941 783 966 840 si
980 783 1121 860 poenitens
1134 782 1192 839 vita
1205 783 1348 858 periclite-

255 899 309 955 tur,
324 895 353 943 et
365 903 423 943 non
438 884 475 940 sit
494 882 616 958 amplius
630 881 830 940 confessurus:
852 899 909 953 quo
929 900 995 938 casu
1019 880 1160 939 tenebitur
1179 883 1263 938 etiam
1278 899 1346 939 cum

255 986 333 1064 gravi
347 985 392 1042 sui
405 979 597 1040 incommodo.
640 981 729 1038 Extra
749 979 818 1038 illud
832 979 989 1056 periculum
1010 981 1059 1037 vix
1080 987 1189 1038 tenetur
1202 979 1348 1037 confessa-

255 1086 325 1151 rius,
340 1083 388 1156 qui
402 1079 542 1158 parochus
565 1097 621 1136 non
642 1079 688 1144 sit,
710 1079 744 1136 ad
767 1077 976 1136 emendandum
997 1096 1134 1142 errorem,
1155 1097 1220 1136 cum
1241 1097 1347 1155 magno

256 1183 374 1244 honoris
388 1189 416 1238 et
429 1179 510 1236 samse
524 1177 692 1253 dispendio:
715 1178 782 1250 quia
801 1177 921 1234 charitas
942 1195 1000 1236 non
1014 1177 1121 1252 obligat
1134 1195 1197 1235 cum
1211 1186 1287 1234 tanto
1301 1177 1346 1234 sui

255 1279 432 1358 gravamine:
455 1275 596 1351 parochus
622 1284 716 1333 autem
742 1277 770 1334 vi
796 1277 841 1333 sui
867 1276 992 1333 muneris
1020 1284 1128 1334 tenetur
1153 1276 1187 1332 ad
1215 1276 1347 1334 utilitates

256 1377 417 1454 spirituales
432 1393 548 1433 suorum
564 1375 783 1452 promovendas,
804 1374 924 1447 ideoque
938 1375 1021 1432 debet
1034 1392 1157 1432 errorem
1172 1374 1347 1450 inculpatum

257 1478 305 1550 qui
317 1477 345 1534 in
360 1493 456 1534 eorum
472 1483 569 1551 vergat
581 1474 727 1541 damnum,
750 1475 890 1550 corrigere
911 1473 995 1531 etiam
1015 1492 1080 1530 cum
1101 1474 1146 1531 sui
1165 1471 1347 1532 incommodo

256 1574 383 1634 notabili.
427 1573 517 1631 Error
539 1592 577 1632 ex
599 1573 683 1649 culpa
705 1584 783 1630 ortus
806 1571 991 1649 corrigendus
1010 1583 1064 1639 est,
1085 1573 1169 1629 etiam
1190 1589 1255 1630 cum
1269 1571 1348 1647 gravi

257 1673 430 1733 confessario
445 1672 644 1730 incommodo:
668 1681 687 1708 “
697 1673 763 1744 quia
782 1671 848 1730 licet
868 1671 1059 1729 confessarius
1072 1689 1109 1728 ex
1124 1669 1257 1728 charitate
1272 1688 1346 1728 onus

258 1773 417 1850 susceperit
443 1770 576 1828 audiendi
602 1770 812 1828 consessionem
846 1771 1020 1846 poenitentis,
1055 1779 1160 1836 tamen,
1194 1779 1349 1845 postquam

259 1871 375 1940 audivit,
397 1879 506 1929 tenetur
531 1887 568 1926 ex
588 1867 695 1936 officio,
722 1881 805 1926 etex
832 1870 913 1940 quasi
939 1877 1082 1926 contractu
1110 1887 1175 1925 cum
1196 1869 1349 1945 poenitente

260 1973 344 2031 initio
369 1972 420 2029 rite
447 1970 504 2045 ipsi
524 1968 684 2026 ministrare
705 1976 932 2034 sacramentum;
953 1967 1040 2034 unde,
1061 1967 1086 2023 si
1106 1965 1229 2024 invalide
1250 1965 1350 2023 minis-

259 2070 372 2128 traverit
393 2086 430 2124 ex
453 2085 505 2124 sua
524 2066 619 2141 culpa,
641 2074 750 2122 tenetur
772 2068 868 2137 utique
889 2067 972 2123 etiam
994 2084 1059 2123 cum
1079 2065 1158 2141 gravi
1178 2083 1230 2122 suo
1244 2063 1350 2122 damno

260 2166 359 2244 (petita
374 2161 499 2241 licentia)
514 2164 594 2222 illum
609 2163 750 2246 deerrare
764 2159 928 2222 monere.”¹

298 2266 368 2322 229.
389 2263 507 2334 Absque
528 2261 642 2320 licentia
665 2258 827 2338 poenitentis
848 2279 927 2318 error
947 2259 1091 2318 emendari
1109 2261 1218 2333 nequit,
1240 2270 1351 2333 quaet

260 2362 383 2440 petenda
395 2370 438 2418 est
451 2359 544 2418 verbis
559 2378 623 2432 quas
637 2359 742 2418 nullam
754 2360 954 2418 revelationem
967 2358 1061 2416 delicti
1079 2358 1245 2435 important:
1260 2349 1296 2417 v:
1311 2379 1349 2435 g:

261 2463 367 2529 Quaeso
380 2471 411 2518 ut
424 2458 495 2518 mihi
509 2459 593 2516 liceat
605 2457 713 2530 aliquid
728 2457 803 2530 quod
817 2458 845 2514 in
859 2457 1040 2516 confessione
1055 2456 1126 2524 dixi,
1139 2468 1185 2514 tua
1197 2459 1272 2516 bona
1285 2476 1351 2516 cum

260 2562 354 2627 venia,
369 2561 521 2634 corrigere.
564 2556 649 2623 Quod
663 2558 687 2613 si
701 2557 763 2631 ipsa
776 2557 874 2630 petitio
888 2555 1007 2613 molesta
1028 2556 1174 2631 poenitenti
1194 2555 1286 2614 futura
1299 2557 1347 2624 sit,

260 2660 295 2716 ab
308 2677 341 2716 ea
355 2657 493 2713 abstinere
508 2664 628 2729 oportet,
644 2672 679 2710 nc
693 2653 733 2710 uti
747 2652 873 2710 videatur
893 2654 1082 2712 confessarius
1103 2655 1203 2713 notitia
1221 2655 1256 2712 in
1265 2655 1351 2712 tribu·

259 2755 318 2814 nali
335 2753 481 2824 acquisita,
496 2769 561 2809 cnm
583 2751 699 2823 aliquali
719 2751 883 2827 poenitentis
907 2754 1087 2829 gravamine:
1110 2753 1186 2826 quod
1206 2771 1351 2826 nunquam

259 2854 336 2911 licet.
378 2850 411 2906 si
432 2850 573 2926 poenitens
595 2848 731 2927 deinceps
752 2849 832 2908 alteri
846 2851 996 2910 consessus
1016 2852 1109 2920 fuerit,
1124 2852 1170 2909 vel
1183 2852 1217 2909 ad
1238 2851 1352 2910 Eucha-

260 2952 370 3010 ristiam
390 2950 551 3018 accesserit,
568 2949 697 3028 judicare
717 2958 810 3025 potest
830 2951 1022 3010 confessarios
1043 2970 1109 3009 eum
1130 2951 1241 3008 veniam
1263 2951 1350 3028 gratia

260 3051 427 3110 sacramenti
442 3059 613 3119 assecutum,
628 3049 751 3123 ideoque
765 3051 860 3109 minus
875 3051 1004 3109 solicitus
1019 3068 1093 3118 esse,
1109 3050 1133 3107 si
1146 3068 1205 3109 non
1223 3057 1351 3108 occurrat

261 3161 423 3228 opportuna
437 3149 597 3226 corrigendi
610 3151 713 3208 erroris
727 3149 851 3208 occasio.

299 3253 369 3308 230.
391 3250 424 3306 si
438 3267 517 3306 error
536 3250 668 3325 respiciat
688 3248 874 3325 integritatem
889 3248 1089 3316 consessionis,
1104 3258 1132 3307 et
1145 3251 1251 3321 absque
1265 3239 1349 3324 culpa

261 3348 420 3424 contigerit,
433 3347 513 3405 nulla
526 3349 701 3406 confessario
715 3356 758 3405 est
767 3347 903 3425 obligatio
917 3349 979 3425 ejus
993 3348 1162 3424 corrigendi,
1177 3349 1233 3406 nisi
1248 3365 1350 3422 oppor-

260 3456 328 3504 tuna
353 3465 418 3504 sese
445 3444 546 3504 offerat
569 3448 682 3505 occasio
703 3448 732 3504 in
755 3447 820 3522 ipso
842 3447 984 3505 tribunali.
1027 3447 1060 3504 si
1080 3448 1165 3523 culpa
1184 3445 1350 3505 confessarii
1375 3445 1381 3453 '

261 3545 420 3620 contigerit,
434 3545 484 3616 qui
498 3545 626 3620 neglexit
635 3546 777 3617 inquirere
788 3545 818 3601 in
831 3547 944 3619 species
958 3555 985 3602 et
998 3563 1145 3603 numerum
1157 3555 1348 3623 peccatorum,

261 3648 370 3698 tenetur
383 3641 456 3697 intra
468 3641 678 3700 confessionem
699 3643 883 3717 poenitentem
898 3662 1025 3712 monere,
1040 3644 1086 3702 vel
1099 3643 1233 3702 inducere
1246 3652 1277 3701 ut
1289 3643 1350 3718 ple·

260 3739 324 3796 nius
351 3738 535 3795 confiteatur:
571 3757 636 3796 nam
662 3741 813 3816 integritati
839 3744 1007 3801 sacramenti
1033 3743 1183 3801 consulere
1209 3743 1301 3808 debet,
1322 3750 1351 3799 et

260 3854 383 3895 errorem
398 3855 435 3894 ex
455 3836 628 3914 negligentia
647 3856 698 3896 sua
717 3848 810 3897 ortum
832 3840 949 3900 tollere:
971 3842 1030 3899 imo
1050 3843 1074 3899 si
1095 3843 1174 3920 gravi
1195 3861 1248 3899 sua
1267 3840 1350 3916 culpa

260 3936 423 4014 impedierit
435 3953 471 3994 ne
483 3955 517 3994 ea
531 3935 700 4005 dicerentur,
716 3947 834 4008 tenetur,
848 3940 932 3999 etiam
943 3948 1022 4000 extra
1031 3941 1254 4008 confessionem,
1265 3939 1351 4015 petita

260 4036 385 4105 licentia,
400 4055 464 4095 eum
480 4036 587 4104 tollere,
603 4036 652 4094 sed
667 4038 729 4095 sine
741 4038 885 4107 scandalo,
897 4040 942 4096 vel
951 4041 1030 4116 gravi
1041 4059 1094 4098 suo
1104 4041 1228 4099 damno:
1252 4047 1271 4074 ‘⁶
1281 4055 1348 4096 nam

261 4137 335 4194 sicut
347 4155 432 4214 grave
446 4134 580 4196 damnum
595 4146 713 4194 excusat
728 4139 910 4213 poenitentem
924 4139 959 4195 ab
972 4137 1130 4216 integritate
1143 4137 1346 4208 consessionis,

261 4235 299 4290 ita
312 4235 397 4294 etiarn
410 4226 665 4294 confessarium.”²
705 4236 790 4303 Qriod
805 4239 829 4294 si
843 4239 918 4294 bona
931 4235 987 4293 fide
1001 4239 1101 4314 egerit,
1110 4239 1183 4297 licat
1194 4235 1272 4295 haud
1285 4236 1346 4294 sine

261 4329 353 4406 culpa,
368 4351 427 4390 non
441 4335 582 4393 tenebitur
594 4354 657 4394 cum
672 4335 764 4393 multo
774 4337 820 4394 sui
834 4333 1027 4394 incommodo.

365 4505 407 4568 (¹)
427 4503 453 4554 S·
465 4505 539 4569 Alrh·
550 4507 566 4555 1-
578 4508 609 4556 vi·
620 4522 646 4557 n·
658 4509 714 4555 61⁹·
982 4511 1025 4578 (a)
1044 4509 1247 4568 midamneao.
