3124 5168
492 533 549 598 DE
571 528 763 596 MATERIA
782 531 1099 594 EUOHARISTIAE.
1300 543 1338 599 67

248 704 364 781 quidem
379 721 430 779 pro
450 703 564 762 infirmo
584 702 786 762 consecrandi:
808 722 875 762 uam
895 702 930 762 ad
955 704 1023 761 tanti
1043 704 1175 781 mysterii
1195 707 1337 783 majorem

170 791 174 798 ’
250 803 436 863 reverentiam
462 804 579 862 interest
600 802 688 861 modo
708 821 740 860 ac
761 804 815 861 ritu
841 803 1024 861 convenienti
1051 822 1166 880 semper
1186 799 1338 862 confici.’‘¹

252 902 394 961 Caeterum
415 903 440 960 si
461 902 638 978 contingeret
658 902 792 960 Graecum
806 920 857 978 per
868 901 933 960 loca
946 901 1113 961 Latinorum
1127 903 1180 960 iter
1192 903 1297 972 lacere,
1311 915 1339 962 et

250 1002 355 1061 nullam
370 1002 415 1058 sui
435 1001 505 1059 ritus
526 1001 678 1060 ecclesiam
697 1001 831 1078 reperire,
855 1002 902 1059 vel
922 1001 1056 1060 Latinum
1077 1021 1129 1078 per
1152 1002 1248 1060 Graeei
1267 1004 1338 1062 ritus

247 1102 388 1179 regiones,
403 1102 593 1158 communiter
606 1109 634 1158 et
647 1101 886 1177 probabilissime,
909 1109 977 1159 teste
999 1101 1031 1158 S.
1046 1095 1225 1178 alphonso?
1242 1110 1339 1161 tenent

249 1200 374 1276 theologi
396 1200 483 1257 licere
504 1199 635 1258 alterutro
655 1217 728 1276 pane
748 1201 800 1266 uti,
824 1218 929 1277 azymo
943 1201 1063 1270 scilicet,
1085 1219 1135 1258 seu
1149 1199 1336 1260 sermentato:

248 1318 312 1358 nam
334 1298 504 1375 plerumque
524 1299 592 1356 licet
612 1299 695 1371 sequi
715 1317 810 1356 mores
833 1308 862 1355 et
881 1298 1063 1376 disciplinam
1083 1300 1208 1377 regionis
1231 1302 1262 1359 iu
1282 1319 1339 1374 qua

249 1400 312 1472 quis
328 1406 470 1466 versatur;
492 1407 628 1456 ettamen
642 1399 727 1455 ritum
741 1415 799 1454 sure
813 1396 942 1456 ecclesia
956 1418 1069 1457 servare
1082 1400 1225 1476 integmm
1234 1401 1337 1473 cuique

249 1497 426 1571 relinquitur,
449 1497 490 1555 uti
516 1507 613 1556 monet
638 1496 699 1554 Leo
719 1496 773 1553 IX.
795 1496 824 1553 iu
850 1497 971 1574 epistola
991 1493 1026 1555 ad
1052 1499 1226 1557 Michaelem
1241 1498 1339 1558 Caeru-

252 1590 379 1654 Ιαιίιιιῑι.3

293 1699 320 1753 5.
343 1695 450 1753 Vinum
464 1695 529 1754 ritis
542 1696 695 1768 requiritur
714 1693 749 1752 ad
762 1694 972 1754 Eucharistiam
986 1697 1204 1765 conficiendam,
1218 1716 1285 1756 nam
1301 1715 1339 1756 ex

250 1795 394 1872 genimine
408 1795 473 1852 vitis
489 1793 622 1854 Christus
636 1813 697 1852 earn
713 1793 853 1852 confecit:
875 1805 1046 1874 quapropter
1065 1815 1124 1856 nou
1145 1797 1220 1854 valet
1239 1813 1340 1854 conse·

247 1896 333 1953 oratio
358 1895 478 1966 liquoris
508 1895 632 1963 alterius,
653 1895 766 1952 etiamsi
794 1894 854 1952 vini
880 1896 996 1954 nomine
1025 1904 1153 1953 raeneat:
1190 1895 1337 1972 “proprie

250 1993 376 2063 autem,”
391 1995 486 2065 inquit
498 1993 529 2051 S.
545 1994 685 2061 Thomas,
709 1994 836 2052 “vinum
857 1994 959 2052 dicitur
979 1995 1056 2068 quod
1076 1993 1112 2052 de
1126 1995 1183 2052 vite
1197 1995 1337 2054 sumitur:

250 2093 299 2152 alii
312 2111 379 2150 vero
392 2093 518 2165 liquores
532 2093 629 2151 vinum
643 2092 775 2152 dicuutur
793 2094 951 2153 secundum
965 2095 1109 2168 quandam
1122 2093 1339 2154 similitudinem

250 2190 285 2249 ad
298 2193 395 2251 viuum
410 2186 526 2250 vitis.”⁴
564 2191 600 2250 In
613 2192 665 2250 hac
678 2194 795 2269 regione
809 2211 913 2270 magna
926 2193 1074 2272 diligentia
1086 2213 1159 2271 opus
1173 2205 1218 2253 est
1230 2204 1262 2253 ut
1274 2194 1338 2267 quis

249 2293 348 2351 vinum
361 2300 518 2368 comparet,
540 2310 629 2363 quum
642 2290 811 2367 plerumque
831 2292 1016 2352 adulteratum
1036 2294 1083 2361 sit,
1099 2302 1127 2350 et
1140 2313 1243 2369 magua
1255 2294 1339 2370 copia

252 2400 359 2449 vaeueat
370 2391 430 2450 vini
444 2392 572 2458 nomine,
587 2408 650 2463 quae
665 2408 703 2447 ex
716 2408 789 2461 aqua
801 2389 865 2448 virs
879 2390 1006 2448 confecta
1018 2400 1071 2458 est,
1083 2391 1129 2448 rel
1142 2409 1180 2448 ex
1193 2391 1338 2458 enocham,

251 2490 313 2549 aliis
326 2492 410 2550 rebus
425 2490 569 2550 admixtis.
612 2487 757 2561 Equidem
772 2506 852 2560 aquae
866 2490 931 2547 vitae
945 2490 991 2548 vel
1010 2489 1137 2548 sacchari
1150 2488 1300 2557 admixtio,
1315 2490 1340 2546 si

250 2608 307 2650 nou
321 2591 359 2649 sit
371 2592 461 2649 nimia
474 2608 572 2648 eorum
586 2590 680 2666 copia,
694 2607 753 2647 non
767 2588 839 2646 tollit
851 2590 912 2648 vini
925 2598 1063 2650 usturam,
1107 2588 1193 2658 Quod
1205 2607 1279 2657 rure,
1294 2589 1340 2646 vel

249 2691 278 2748 in
292 2691 441 2766 cauponis,
455 2698 563 2766 prostat
575 2689 684 2757 venale,
699 2688 868 2765 plerumque
877 2688 963 2748 dubia
973 2702 1027 2758 est,
1038 2689 1083 2748 vel
1094 2689 1192 2766 inepta
1203 2690 1338 2748 materia:

250 2798 421 2865 quapropter
434 2788 589 2846 curandum
609 2798 653 2845 est
673 2787 864 2846 sacerdotibus
876 2789 975 2848 viuum
990 2809 1007 2847 a
1019 2791 1222 2849 mercatoribus
1236 2790 1339 2862 quibus

250 2887 338 2946 fidere
350 2896 479 2964 possunt,
494 2906 667 2963 comparare.
709 2886 819 2959 Liquor
831 2907 868 2945 ex
882 2888 988 2964 pomis,
1002 2890 1093 2966 pyris,
1108 2889 1225 2956 cerasis,
1239 2890 1338 2956 moris,

252 2987 452 3063 malogranatis
466 2997 521 3045 etc.
536 2996 580 3044 est
592 2987 688 3061 inepta
701 2986 835 3043 materia:
852 2986 941 3043 sedet
953 2997 1072 3060 agresta,
1083 3005 1133 3043 seu
1144 2987 1339 3061 omphacium,

251 3105 351 3145 succus
372 3087 484 3146 scilieet
509 3105 546 3144 ex
566 3085 629 3144 uvis
650 3085 808 3142 immaturis
834 3102 1001 3161 expressus,
1029 3085 1078 3157 qui
1105 3082 1228 3141 necdum
1255 3083 1342 3142 habet

254 3195 381 3244 naturam
400 3187 468 3244 vini.

292 3288 320 3343 6.
341 3286 461 3344 Acetum
476 3294 519 3344 est
532 3287 659 3362 ineptum
674 3283 873 3351 Eucharistiae,
888 3285 954 3357 quia
967 3293 1095 3344 naturam
1110 3283 1169 3342 vini
1182 3282 1340 3342 acescendo

253 3384 361 3442 amisit:
384 3396 554 3462 quapropter
567 3385 591 3441 si
612 3385 677 3456 quis
691 3402 728 3442 ex
739 3401 833 3440 errore
847 3381 918 3440 illud
932 3382 966 3441 ad
981 3383 1225 3442 consecrationem
1240 3401 1341 3459 usurp·

252 3486 347 3552 averit,
362 3484 447 3543 debet
461 3485 558 3543 vinum
571 3484 731 3555 exquirere,
752 3495 782 3540 et
800 3501 977 3552 consecrare,
998 3493 1030 3542 ut
1049 3482 1195 3561 integritas
1209 3482 1341 3540 sacrificii

252 3583 403 3643 habeatur:
426 3585 550 3642 hostiam
571 3600 686 3655 quoque
711 3601 876 3641 consecrare
897 3585 1048 3659 oportebit,
1072 3583 1098 3642 si
1119 3583 1173 3641 alia
1192 3582 1277 3640 suerit
1296 3583 1342 3641 ab·

251 3694 362 3760 sumpta
376 3692 440 3743 aute
454 3701 580 3741 errorem
594 3681 754 3750 detectum3
776 3701 865 3755 quum
878 3692 996 3756 utraque
1010 3683 1127 3743 materia
1139 3683 1226 3742 simul
1240 3682 1340 3741 adesse

253 3781 352 3840 debeat
365 3783 399 3840 ad
413 3782 546 3842 sacrificii
559 3782 772 3858 perlectionem.
801 3781 887 3849 Quod
901 3783 925 3840 si
940 3783 1048 3843 dubitet
1059 3792 1153 3843 ulrum
1167 3792 1279 3841 acetum
1294 3783 1339 3848 sit,

251 3879 321 3937 levis
336 3882 451 3952 quidem
468 3882 619 3957 scrupulus
633 3881 717 3940 flocci
740 3879 888 3939 faciendus
903 3891 956 3950 est,
971 3883 1022 3940 sed
1033 3903 1069 3941 ex
1081 3882 1221 3964 probabili
1233 3879 1341 3937 dubita·

252 3979 327 4037 tione
342 3980 440 4038 vinum
453 3981 506 4038 erit
518 3981 744 4040 consecrandum
758 3982 811 4038 sub
824 3979 997 4049 conditione,
1008 4001 1044 4039 ne
1052 3981 1223 4038 sacrificium
1237 3977 1341 4052 imper·

249 4079 354 4144 sechim
370 4079 442 4138 forte
456 4079 502 4136 sit.
543 4081 648 4139 Peceat
660 4082 791 4157 graviter,
802 4081 886 4156 juxta
897 4079 1037 4138 Rubricas
1052 4077 1192 4144 Missalis,
1207 4075 1340 4133 sacerdos

251 4177 390 4237 adhibens
406 4179 503 4237 vinum
518 4179 595 4251 quod
608 4180 695 4257 ooepit
708 4197 849 4245 acescere,
870 4179 916 4236 vel
936 4177 1090 4252 corrumpi,
1106 4175 1152 4232 vel
1166 4175 1204 4232 sit
1216 4172 1342 4246 aliquan·

285 4401 327 4466 (2)
346 4401 463 4463 Autome,
476 4407 544 4451 tract.
556 4399 586 4450 de
598 4398 680 4450 [luch.
845 4398 887 4462 (2)
907 4393 937 4442 L.
949 4393 980 4442 vi.
993 4409 1018 4442 n.
1032 4395 1089 4444 20³.

288 4487 329 4553 (3)
349 4487 461 4538 thuris.
840 4483 877 4544 (4)
896 4480 929 4532 iii.
941 4497 965 4547 p.
977 4497 1018 4546 qu.
1029 4481 1104 4533 lxxiv.
1117 4488 1160 4531 art.
1172 4497 1195 4530 v.
1234 4481 1307 4550 Καρ.
