3172 5172
278 525 334 580 no
354 520 412 582 ue
425 521 479 583 us
492 520 593 588 uum
607 521 663 581 su
678 475 946 586 ostentatus.
958 525 1281 606 auoumuurua.

273 688 326 747 sub
343 697 427 756 terra,
443 689 473 747 in
491 688 558 748 loco
578 701 672 748 umen
686 686 808 758 decenti,
821 691 932 750 etiamsi
946 692 1032 751 altare
1046 694 1083 752 sit
1096 693 1226 763 fractum,
1240 695 1285 754 vel
1298 695 1360 754 sine

271 785 401 860 reliquiis
424 787 620 848 sanctorum.‘’
661 787 751 846 Juxta
763 788 857 865 legem
885 791 1065 866 generalem:
1088 792 1202 852 “altare
1231 793 1360 872 portatile

270 893 338 944 tuuc
360 888 604 947 consecrationem
623 886 736 956 amittit,
751 888 865 960 quando
879 889 1016 967 frangitur
1029 891 1074 950 vel
1087 891 1152 950 looo
1165 901 1296 951 movetur
1317 911 1360 951 re·

270 987 440 1062 positorium
453 981 685 1062 reliquiamm.”¹
726 985 853 1045 Vacante
877 987 952 1047 Sede
969 990 1001 1047 fit
1022 1000 1147 1067 potestas
1167 989 1304 1068 delegatis
1324 992 1359 1049 ab

271 1087 410 1164 episcopo
431 1096 495 1145 ante
516 1087 636 1153 obitum,
658 1094 677 1122 “
688 1086 718 1143 in
741 1103 810 1144 casu
833 1089 1010 1147 necessitatis
1033 1087 1218 1148 consecrandi
1241 1090 1356 1156 calices,

269 1193 397 1261 patenas,
411 1194 440 1244 et
452 1185 550 1244 altaria
571 1184 714 1263 portatilia
732 1185 821 1243 sacris
843 1186 925 1254 oleis,
940 1188 976 1246 ab
995 1189 1132 1266 episcopo
1155 1198 1249 1248 tamen
1270 1189 1356 1247 bene·

269 1281 384 1340 dictis.”

576 1514 658 1591 §.IL
699 1515 747 1575 Du
761 1533 895 1574 nnuams
915 1534 1046 1576 osseum

306 1691 356 1746 99.
378 1687 411 1747 ln
432 1687 510 1746 altari
523 1696 579 1746 tres
593 1706 705 1766 mappa
719 1689 801 1748 lineae
816 1689 851 1747 ab
868 1690 1015 1768 episeopo,
1030 1689 1076 1749 vel
1089 1688 1248 1758 sacerdote,
1263 1691 1309 1749 oni
1323 1709 1357 1750 ea

267 1788 476 1847 communicata
494 1796 538 1845 est
556 1786 683 1856 facultas,
697 1786 852 1846 benedicta
872 1789 977 1848 debent
995 1807 1070 1859 esse,
1084 1807 1204 1862 quarum
1225 1791 1355 1865 superior

254 1886 303 1948 'ad
326 1897 430 1946 terram
448 1905 538 1959 usqne
560 1904 596 1944 ex
617 1895 734 1960 utroque
756 1886 842 1945 latere
864 1889 1013 1965 pertingat,
1034 1887 1143 1947 duabus
1166 1889 1354 1957 brevioribus,

265 1987 312 2044 vel
335 1987 385 2046 uni
406 1985 555 2062 duplicata
572 1988 760 2063 superposita.
799 1985 844 2043 Ita
860 1988 1018 2063 prescribit
1037 1987 1158 2046 Missale
1178 1987 1352 2046 Romanum.

264 2085 356 2163 Igitur
375 2084 570 2144 emendandus
590 2095 635 2144 est
652 2103 716 2145 mos
736 2085 924 2158 quommdam
945 2088 1057 2164 mappis
1076 2082 1217 2145 utentium
1238 2103 1302 2159 quse
1323 2087 1354 2144 in

265 2185 352 2244 domo
377 2185 407 2242 in
432 2202 495 2257 quoe
521 2201 587 2242 rure
612 2184 754 2243 celebrant
778 2185 965 2260 reperiuntur,
991 2187 1076 2245 unica
1099 2185 1222 2244 breviori
1247 2203 1352 2262 mappa

264 2282 414 2344 benedicta
421 2283 563 2359 corporali
572 2283 738 2362 supposita:
754 2283 800 2342 vel
807 2301 870 2357 que
881 2303 918 2344 ex
925 2285 995 2354 lino,
1005 2285 1051 2344 vel
1059 2285 1159 2344 saltem
1171 2303 1209 2342 ex
1216 2285 1353 2352 cannabe,

264 2403 322 2444 non
346 2395 413 2443 sunt
434 2382 581 2442 conseotae.
623 2383 754 2442 Venialis
776 2382 877 2441 saltem
896 2394 940 2442 est
965 2384 1050 2462 culpa
1075 2395 1132 2443 tres
1156 2402 1275 2461 mappas
1295 2402 1351 2442 non

265 2483 418 2543 adhibere:
440 2483 577 2551 mortalis,
591 2501 691 2541 omnes
712 2483 852 2550 omittere,
866 2483 922 2540 nisi
941 2485 1034 2559 gravis
1054 2493 1174 2542 excuset
1186 2484 1350 2541 necessitas.

265 2583 356 2639 Nulla
369 2590 413 2639 est
425 2582 510 2657 culpa
523 2580 564 2638 uti
578 2581 689 2656 mappis
703 2599 761 2639 non
775 2579 931 2638 benedictis
944 2581 973 2639 in
987 2583 1165 2639 necessitate.

305 2683 372 2735 100.
394 2678 466 2760 Duae
480 2678 581 2735 saltem
602 2675 725 2735 candelae
739 2695 776 2734 ex
789 2695 853 2735 cera
872 2678 1070 2751 requiruntur:
1093 2688 1211 2753 quatuor
1230 2677 1348 2736 acuendi

262 2786 385 2854 possunt
397 2776 423 2832 si
436 2775 559 2834 celebret
571 2775 741 2853 episcopus:
756 2775 808 2833 sed
821 2776 1026 2846 sacerdotibus,
1040 2779 1124 2836 ctiam
1139 2777 1251 2836 vicariis
1260 2795 1346 2854 gene·

262 2875 377 2943 salibus,
404 2873 434 2933 id
459 2892 516 2933 non
543 2874 720 2952 permittitur.
762 2875 822 2933 Sex
842 2876 871 2934 iu
899 2877 992 2934 Missa
1017 2877 1140 2936 solemni
1165 2875 1344 2936 adhibentur.

264 2973 1351 3054 Uticaudelisexeebo,velolcoextranecessitatem,theologicommuniter

263 3085 382 3136 censent
394 3093 457 3133 esse
467 3074 594 3133 mortale.
636 3073 685 3132 Ex
698 3074 768 3131 sebo
781 3082 875 3133 tamen
889 3075 1056 3151 plerumque
1069 3075 1194 3134 candelae
1207 3074 1282 3152 apud
1295 3092 1348 3132 nos

263 3174 441 3241 adhibentur,
452 3174 496 3233 vel
510 3192 546 3232 ex
561 3174 675 3232 materia
685 3191 747 3245 quae
761 3171 863 3232 dicitur
874 3174 1059 3252 spermatum,
1072 3195 1159 3249 quum
1173 3192 1210 3233 ex
1224 3193 1288 3232 cera
1300 3174 1350 3234 vix

262 3275 360 3334 haberi
371 3274 501 3351 possint:
515 3272 577 3353 ‚sed
590 3271 740 3350 diligentia
754 3273 783 3330 in
797 3291 832 3332 eo
846 3273 1021 3334 desideratur
1033 3285 1065 3334 ut
1076 3274 1241 3342 habeantur,
1263 3292 1349 3348 quum

262 3375 361 3451 purius
375 3375 412 3431 sit
423 3372 531 3440 lumen,
540 3381 569 3431 et
581 3371 721 3430 sacrificio
734 3373 952 3432 convenientius
963 3394 970 3432 ε
987 3394 1045 3435 non
1059 3373 1151 3433 audeo
1164 3383 1258 3432 autem
1271 3373 1349 3432 dam·

262 3491 329 3532 nare
344 3473 453 3550 peccati
466 3489 576 3532 morem
591 3471 758 3531 necessitate
771 3471 928 3532 inductum.
956 3473 1058 3532 Oleum
1073 3471 1349 3547 alicubi'usurpatur,

261 3571 442 3630 candelarum
454 3569 554 3629 formis
568 3589 605 3630 ex
619 3568 697 3647 ligno
711 3570 847 3638 infusum,
864 3570 940 3643 quod
954 3571 1095 3630 tamenab
1114 3569 1253 3628 Ecclesiae
1267 3588 1347 3629 more

259 3669 381 3746 legeque
394 3676 438 3726 est
448 3669 583 3736 alienum,
597 3668 719 3744 ideoque
732 3668 950 3728 emendandum.
1082 3743 1085 3748 ,

301 3771 370 3825 101.
392 3766 474 3826 Crux
488 3769 561 3826 inter
573 3766 742 3828 caudelabra
754 3768 888 3845 ponenda
901 3778 944 3826 est
955 3769 1039 3844 juxta
1053 3766 1182 3826 Missalis
1196 3767 1346 3837 Rubricas,

258 3878 289 3926 ut
302 3866 414 3927 Christi
426 3866 557 3925 crucifixi
576 3886 652 3927 mors
667 3885 719 3946 pro
732 3867 881 3926 hominum
893 3867 983 3926 salute
1003 3866 1141 3926 sacerdoti
1154 3879 1183 3926 et
1196 3868 1304 3944 populo
1317 3869 1347 3928 in

258 3969 426 4028 memoriam
440 3975 596 4026 revocetur.
638 3967 731 4026 Porro
741 3984 777 4026 ex
791 3965 940 4024 Benedicti
953 3965 1038 4024 XIV.
1053 3968 1173 4044 epistola
1186 3967 1221 4026 ad
1235 3968 1347 4044 episco-

257 4085 312 4144 pos
325 4067 441 4128 ditionis
462 4067 670 4136 ecclesiastica,
684 4067 774 4141 liquet
793 4066 1012 4126 celebrationem
1032 4066 1132 4126 Missae
1151 4086 1209 4126 non
1223 4066 1347 4143 permitti

258 4176 277 4202 “
287 4168 315 4225 iu
329 4168 364 4226 iis
380 4168 512 4227 altaribus
526 4185 589 4240 quoe
604 4176 716 4226 careant
734 4167 858 4244 imagine
872 4166 1013 4236 crucifixi,
1028 4167 1076 4226 vel
1088 4168 1151 4245 ipsa
1164 4160 1345 4234 incommode

255 4272 391 4328 statuatur
404 4277 467 4326 ante
480 4268 679 4344 presbyterum
700 4267 899 4335 celebrantem,
912 4265 959 4324 vvel
972 4266 1011 4326 ita
1024 4268 1117 4326 tenuis
1131 4275 1160 4325 et
1178 4265 1283 4342 exigua
1297 4263 1345 4332 sit,

558 4469 601 4534 (l)
621 4467 692 4518 Decr.
701 4468 728 4516 S.
740 4466 771 4518 0.
783 4469 831 4520 Rit
843 4471 859 4517 ὃ
872 4468 963 4531 Martii,
977 4473 1049 4522 tuot.
