3124 5168
502 563 559 625 on
580 517 766 624 correus
786 563 992 625 nmmum.
1254 567 1290 625 ra

204 729 365 792 infirmum:
384 741 412 790 et
432 731 506 790 sicut
519 731 596 806 quod
610 731 705 789 fistula
718 749 770 808 per
783 749 868 806 quam
883 731 983 790 transit
995 749 1079 804 equa,
1093 732 1132 790 sit
1146 739 1289 809 argentea,

204 831 250 890 vel
263 831 403 908 plumbea.
437 830 522 889 Unde
536 830 659 890 ministri
672 830 812 889 Ecclesiae
827 840 949 908 possunt
962 840 1138 889 sacramenta
1150 829 1289 897 conterre,

204 931 286 987 etiam
300 931 326 988 si
340 931 397 988 sint
411 924 527 988 mali.’'l

240 1033 289 1086 23.
313 1029 379 1087 Etsi
400 1030 594 1088 ministrorum
615 1029 741 1104 probitas
761 1045 819 1086 non
840 1028 999 1100 requiratur
1017 1036 1050 1086 ut
1070 1028 1183 1087 valeant
1199 1045 1290 1086 sacra·

200 1136 304 1204 menta,
326 1146 402 1186 novo
422 1138 517 1186 tamen
537 1136 565 1184 et
585 1127 663 1204 gravi
683 1134 761 1185 reatu
782 1145 815 1184 se
831 1127 1020 1204 obstringunt,
1035 1127 1084 1200 qui
1097 1126 1211 1186 lethalis
1225 1145 1292 1204 pec·

201 1227 254 1283 cati
267 1226 325 1285 sibi
340 1227 449 1284 conscii
462 1245 497 1284 ea
510 1225 615 1284 audent
627 1225 784 1284 conficeret
809 1233 829 1262 ‘⁴
840 1225 951 1294 Nam,'’
966 1234 997 1284 ut
1009 1224 1094 1285 docet
1106 1244 1161 1285 nos
1175 1223 1291 1286 Rituele

200 1322 376 1394 Romanum,
394 1326 476 1383 “etsi
497 1333 674 1384 sacramenta
693 1325 729 1382 ab
750 1325 871 1401 impuris
893 1324 1072 1398 coinquinari
1085 1343 1142 1384 non
1156 1334 1290 1404 possunt,

198 1439 292 1496 neque
307 1425 430 1500 apravis
442 1425 585 1484 Ministris
600 1441 700 1482 eorum
714 1421 832 1481 effectus
847 1423 998 1500 impediri;
1021 1426 1132 1502 impure
1153 1433 1248 1484 tamen
1261 1435 1291 1482 et

77 1554 88 1570 f
199 1521 320 1598 indigne
335 1541 369 1580 ea
382 1524 576 1582 ministrantes
590 1523 620 1581 in
635 1531 745 1580 aeternae
759 1523 859 1580 mortis
872 1531 981 1582 reatum
996 1523 1151 1582 incurrunt.
1191 1523 1290 1582 Socer·

200 1618 254 1679 dos
277 1639 358 1698 ergo,
384 1623 410 1679 si
432 1621 517 1680 fuerit
539 1621 794 1698 peccatimortalis
813 1622 868 1681 sibi
888 1623 1020 1681 conscius
1041 1619 1132 1702 (quod
1152 1618 1235 1700 absit)
1255 1621 1291 1680 ad

200 1728 443 1779 sacramentorum
464 1719 738 1780 administrationem
765 1737 823 1779 non
842 1721 944 1781 audeat
966 1719 1112 1789 accedere,
1136 1721 1193 1780 nisi
1212 1721 1291 1798 prius

199 1817 285 1876 corde
312 1820 465 1896 poeniteat3
493 1819 553 1890 sed,
581 1817 737 1878 si'habest
758 1821 872 1897 copiam
893 1819 1082 1888 confessarii,
1102 1828 1132 1878 et
1152 1819 1292 1896 temporis

198 1917 313 1991 locique
328 1920 400 1978 ratio
413 1919 494 1988 serat,
509 1921 643 1979 convenit
656 1905 839 1978 confiteri.’'²
862 1920 963 1979 “Non
977 1928 1021 1976 est
1034 1916 1188 1987 dubium,’'
1199 1917 1294 1991 inquit

198 2015 230 2074 S.
247 2017 388 2087 Thomas,
404 2027 424 2055 ‘⁶
434 2019 504 2092 quin
518 2019 586 2079 mali
600 2019 770 2078 exhibentes
785 2037 817 2076 se
832 2019 979 2078 ministros
993 2016 1050 2076 Dei
1063 2025 1093 2075 et
1105 2015 1247 2076 Ecclesioe
1260 2017 1290 2074 in

197 2115 413 2194 dispensatione
433 2131 674 2178 sacramentorum
691 2126 820 2194 peccent.
862 2117 903 2176 Et
916 2119 982 2192 quia
995 2115 1050 2176 hoc
1064 2125 1213 2194 peccatum
1228 2131 1291 2192 per·

198 2215 270 2274 tinet
284 2215 320 2273 ad
330 2216 539 2276 irreverentiam
550 2217 608 2274 Dei
621 2226 650 2275 et
663 2217 935 2276 contaminationem
946 2224 1187 2276 sacramentomm
1201 2231 1291 2288 quau·

198 2323 261 2372 tum
283 2322 329 2371 est
350 2323 486 2388 exparte
512 2314 605 2388 ipsius
631 2313 803 2388 peccatoris,
831 2312 910 2392 (licet
932 2322 1108 2372 sacramenta
1133 2312 1291 2371 secuudum

200 2413 300 2488 seipsa
314 2410 577 2470 incontaminabilia
590 2407 660 2490 sint)
676 2427 855 2481 consequens
869 2409 1001 2482 estquod
1015 2411 1070 2468 tale
1088 2418 1238 2486 peccatum
1255 2426 1292 2468 ex
1315 2431 1334 2470 ι

198 2529 307 2589 genere
321 2528 376 2568 suo
389 2510 427 2568 sit
439 2502 607 2568 mortale.'’³

237 2615 291 2670 st.
313 2610 346 2668 Si
360 2607 431 2668 adeo
444 2617 544 2687 urgeat
551 2608 700 2666 morientis
711 2606 875 2677 necessitas,
888 2616 919 2666 ut
930 2615 1041 2684 tempus
1052 2605 1186 2666 eliciendi
1197 2614 1292 2666 actum

199 2711 382 2769 contritionis
403 2707 573 2768 ministranti
593 2707 765 2784 baptismum
787 2725 844 2765 nou
865 2713 1006 2784 suppetat,
1027 2725 1086 2766 nou
1104 2715 1204 2784 peccat
1222 2707 1291 2783 bap·

200 2807 326 2878 tizando,
354 2827 407 2867 seu
433 2805 618 2875 absolvendo,
633 2807 700 2880 quia
728 2815 795 2865 tunc
823 2806 1014 2866 “subveniret
1041 2806 1206 2866 necessitati
1240 2823 1291 2883 pa·

200 2906 332 2976 tientis,'’
348 2907 441 2980 inquit
454 2907 486 2965 S.
502 2899 660 2965 Thomas.⁴
687 2905 766 2965 Hinc
781 2905 863 2964 facile
879 2915 1051 2964 excusantur
1063 2907 1130 2965 laici
1144 2905 1291 2983 baptizan-

201 3015 256 3077 tes,
268 3007 322 3064 hac
335 3006 428 3084 pressi
441 3005 628 3065 necessitate:
644 3023 702 3078 qua
726 3005 876 3063 deficiente
890 3004 995 3071 Croix,
1006 3005 1142 3070 Autome,
1155 3004 1291 3074 Vasquea

201 3105 328 3182 Delugo,
343 3105 449 3178 aliique
469 3103 645 3164 contendunt
664 3123 715 3163 eos
735 3121 866 3180 peccare,
881 3104 907 3161 si
926 3101 1071 3179 negligant
1089 3101 1196 3159 conteri
1217 3109 1292 3158 ants·

203 3223 291 3278 quam
307 3206 478 3262 ministrent.
520 3203 566 3262 De
586 3203 791 3272 sacerdotibus,
806 3203 909 3276 quibus
923 3202 1081 3260 animarum
1095 3219 1164 3260 cura
1177 3199 1293 3259 deman·

202 3301 270 3361 data
283 3310 336 3370 est,
347 3321 405 3360 non
419 3289 517 3359 eadem
530 3301 612 3360 facile
626 3301 734 3360 admitti
748 3312 841 3379 potest
854 3301 1011 3370 excusatio,
1026 3321 1093 3361 nam
1108 3309 1128 3338 ‘⁶
1138 3299 1291 3377 parochus,

202 3401 249 3460 vel
272 3401 366 3473 quivis
391 3400 463 3459 alius
484 3399 628 3466 sacerdos,
645 3401 680 3459 ad
700 3419 786 3474 quem
807 3419 907 3460 eorum
930 3400 1137 3458 administratio
1157 3401 1290 3475 pertinet,

184 3501 370 3560 ¹meminisse
390 3501 420 3560 in
438 3500 540 3578 primis
560 3499 644 3557 debet
657 3518 687 3558 se
702 3508 799 3558 sancta
812 3507 940 3568 tractare,
956 3508 1039 3572 atque
1056 3497 1137 3561 omni
1149 3497 1207 3556 fere
1221 3507 1292 3555 tem·

202 3600 282 3677 poris
306 3609 455 3660 momento
478 3598 515 3656 ad
537 3609 593 3658 tam
617 3610 721 3656 sanotae
742 3597 991 3658 administrationis
1013 3598 1140 3658 officium
1162 3606 1292 3675 paratum

202 3716 267 3757 esse
281 3709 423 3775 oportere.
453 3698 646 3766 Quamobrem
661 3696 731 3756 illud
745 3707 883 3775 perpetuo
897 3698 1016 3767 curabit,
1027 3708 1059 3758 ut
1071 3699 1191 3775 integre,
1203 3707 1291 3764 caste,

204 3797 309 3872 pieque
323 3799 410 3856 vitam
425 3789 538 3876 agat.'’⁵
570 3797 637 3855 Etsi
650 3798 737 3875 igitur
749 3815 805 3856 non
819 3805 918 3874 peccet
930 3797 994 3874 ipso
1008 3796 1188 3857 ministrandi
1201 3813 1294 3854 secra·

204 3904 335 3954 mentum
359 3906 433 3965 actu,
454 3895 568 3969 quando
590 3905 666 3954 tanta
686 3905 769 3974 urget
791 3896 955 3965 necessitas,
976 3899 1085 3974 peceati
1108 3905 1204 3953 tamen
1227 3909 1294 3950 reus

204 3994 406 4072 agnoscendus
421 4004 473 4062 est,
485 3997 522 4054 ob
535 3995 693 4072 periculum
708 3997 755 4054 oui
768 4015 800 4054 se
813 3997 918 4074 objecit
931 3997 1015 4056 talem
1031 3993 1157 4072 patiendi
1170 3989 1295 4048 necessi·

204 4101 302 4163 tatem,
318 4103 436 4172 peccate
446 4095 508 4171 jam
523 4094 650 4155 admissa
663 4096 811 4174 negligens
826 4095 954 4173 expiare.
996 4095 1078 4154 Idem
1088 4086 1247 4148 ,dicendum
1261 4086 1296 4145 de

206 4194 405 4270 penitentiam
418 4191 640 4266 administrante.

310 4353 353 4419 (1)
372 4369 407 4402 ur
419 4367 444 4416 p.
456 4367 497 4416 qu.
508 4352 656 4403 ixiv.art.v.
690 4350 765 4416 Κεφ.
934 4350 977 4414 (2)
997 4343 1202 4394 DeSacndmin.

284 4438 355 4504 ,(3)
374 4437 444 4502 iiip.
456 4452 498 4501 qu.
508 4436 664 4488 trivan-vi.
698 4434 774 4500 Resp.
943 4433 985 4498 (4)
1005 4428 1179 4491 Ibidem,ad3.

563 4521 606 4587 (b)
626 4519 675 4570 Rit
686 4517 758 4566 Rom.
769 4515 798 4568 de
810 4531 858 4565 sec·
869 4514 931 4567 adm.

195 4623 199 4628 ·
248 4598 324 4657 Vos.
338 4598 456 4658 tlh-e
