3108 5162
290 527 351 586 tto
572 520 629 582 DE
650 517 829 580 osricus
849 517 1098 578 OONJUGUM.

290 689 410 750 mutati
429 705 498 748 usus
518 689 626 747 ratione
645 685 780 765 indigeat.
822 686 994 746 1111111110ηεὶ
1013 686 1124 744 11011111
1142 685 1270 744 omniuo
1294 694 1393 744 mente

289 797 400 866 0111101,
414 787 515 848 1100101
529 789 635 864 paterni
649 789 856 864 obtemperare,
867 787 1025 863 praesertim
1038 803 1074 842 ne
1087 784 1258 862 prodigatur
1274 803 1393 850 semen,

288 887 404 962 quando
416 906 454 948 ex
474 889 551 948 coitu
571 887 680 946 nullum
700 884 912 946 incommodum
933 903 1019 962 grave
1040 883 1198 944 timendum
1210 885 1265 942 sit.
1314 882 1393 940 Cum

289 987 409 1046 muliere
432 998 544 1046 amente
566 1006 624 1056 noo
645 987 714 1046 licet
732 987 820 1052 coire,
841 985 896 1044 nisi
919 984 1022 1042 sterilis
1042 993 1184 1051 noscatur,
1204 984 1290 1060 proli
1313 982 1392 1040 enim

290 1087 442 1146 inferretur
450 1087 595 1146 damnum.
637 1085 772 1144 Pseoaret
785 1085 834 1158 qui
848 1085 986 1161 conjuges
1000 1093 1129 1142 amentes
1142 1085 1346 1161 conjungeret
1359 1078 1393 1138 sd

290 1187 434 1264 copulam,
448 1203 535 1260 quum
550 1185 644 1260 proles
657 1193 764 1242 careret
776 1184 939 1241 necessaria
951 1181 1127 1240 educatione.

328 1289 378 1344 08.
400 1284 469 1342 Non
484 1293 594 1342 10110101
606 1283 714 1360 conjux
727 1282 852 1342 debitum
866 1280 982 1338 reddere
996 1283 1074 1340 alteri
1088 1281 1217 1340 adulterii
1232 1299 1302 1346 reo,
1317 1276 1390 1334 fides

289 1384 364 1440 enirn
378 1383 468 1442 1011101
482 1381 567 1442 fracta
580 1381 699 1442 alterum
713 1381 883 1458 obligatione
896 1381 991 1447 solvit,
1001 1390 1133 1439 manente
1143 1390 1238 1438 tamen
1252 1376 1390 1454 conjugii

286 1481 409 1541 vinculo.
452 1482 541 1560 Igitur
550 1483 576 1540 si
586 1481 621 1540 de
630 1481 733 1540 delicto
745 1490 865 1549 constet,
874 1481 920 1538 vel
930 1479 1111 1538 vehementia
1120 1480 1177 1538 sint
1185 1480 1249 1556 ejus
1264 1476 1386 1541 indicia,

288 1580 428 1657 culpanda
441 1599 498 1640 non
511 1591 556 1640 est
568 1599 643 1640 uxor
655 1600 718 1654 qne
732 1580 826 1638 renuit
838 1581 956 1637 subesse
974 1580 1086 1638 marito.

327 1682 377 1738 00.
399 1681 490 1738 Ebrio
516 1699 573 1740 non
595 1689 704 1739 tenetur
725 1681 832 1758 conjux
856 1697 964 1737 morem
987 1696 1097 1755 gerere,
1118 1686 1195 1735 caret
1220 1679 1305 1736 enim
1335 1693 1387 1734 usu

290 1779 418 1846 1111101111,
439 1781 488 1852 qui
508 1779 544 1838 ad
563 1778 755 1838 exercendum
775 1779 934 1837 dominium
958 1778 1121 1851 requiritur.
1163 1775 1250 1843 Quod
1273 1777 1301 1834 si
1330 1793 1387 1833 non

290 1878 361 1938 odeo
384 1879 479 1938 ebrius
498 1881 537 1938 sit
555 1889 587 1938 01
608 1888 731 1951 nequeat
749 1896 810 1936 rem
833 1877 948 1945 habere,
968 1877 1035 1935 licet
1054 1878 1152 1949 utique
1172 1877 1384 1952 obtemperare,

291 1981 422 2052 quamvis
436 1980 484 2038 vix
498 1990 635 2038 1011011101.
676 1977 722 2035 Ad
738 1974 951 2052 impediendum
964 1974 1093 2043 dissidia,
1107 1977 1193 2042 rixas,
1208 1985 1235 2032 01
1249 1973 1384 2050 blaspbe-

291 2077 364 2134 mias
390 2077 557 2152 plerumque
583 2085 694 2152 oportet
719 2077 825 2152 petenti
851 2077 1052 2146 acquiescere:
1084 2074 1207 2146 quodsi
1233 2075 1384 2158 contingat

290 2173 398 2232 effundi
412 2185 492 2232 extra
503 2193 551 2232 ras
565 2193 674 2244 semen,
689 2174 718 2234 id
732 2175 813 2232 ebrio
826 2174 1024 2249 imputandum
1037 2175 1100 2232 erit.

332 2275 399 2330 100.
420 2273 478 2339 Qui
497 2274 534 2332 ob
553 2275 693 2332 incestum
714 2274 837 2351 privatus
858 2283 901 2332 est
922 2275 988 2351 jure
1008 2273 1124 2350 petendi
1149 2261 1246 2340 debiti,
1269 2280 1382 2330 tenetur

292 2371 477 2432 nibilominus
489 2372 522 2432 ed
533 2373 710 2448 reddendum
721 2394 728 2432 :
743 2393 795 2434 nec
806 2375 883 2432 enirn
892 2373 962 2431 alter
973 2374 1009 2432 ob
1020 2373 1082 2450 ejus
1093 2372 1204 2448 culpam
1215 2370 1381 2447 puniendus

290 2483 343 2530 est.
386 2473 443 2540 Qui
457 2474 612 2533 castitatem
627 2475 713 2542 vovit,
723 2475 830 2546 absque
840 2474 972 2552 conjugis
986 2491 1140 2538 consensu,
1150 2471 1254 2548 pariter
1267 2479 1379 2529 1000101

287 2571 416 2639 reddere,
432 2573 561 2644 quamvis
581 2582 703 2644 nequeat
722 2584 828 2648 petere,
843 2591 909 2631 nam
930 2591 988 2630 non
1001 2574 1091 2648 potuit
1104 2571 1235 2648 conjugis
1250 2571 1302 2647 jus
1316 2569 1376 2628 affi-

290 2687 355 2728 cere
368 2688 427 2726 suoe
441 2670 591 2728 voluntatis
604 2672 763 2746 proposito.

329 2769 397 2824 101.
419 2765 566 2844 Coniuges
579 2778 709 2825 tenentur
722 2767 757 2824 ad
776 2767 952 2826 reddendum
973 2768 1099 2827 debitum
1113 2786 1177 2827 curn
1198 2767 1254 2825 levi
1268 2787 1323 2827 suo
1336 2768 1376 2824 in·

287 2861 439 2921 commodo
451 2872 480 2920 et
492 2863 607 2932 damno,
621 2882 686 2922 nam
701 2866 836 2943 conjugio
856 2866 981 2925 ineundo
994 2887 1025 2926 se
1046 2867 1204 2944 obligarunt
1217 2866 1251 2924 ad
1265 2885 1299 2924 ea
1313 2883 1374 2941 que

287 2960 354 3020 huic
374 2961 482 3021 insunt.
524 2962 557 3020 Si
576 2964 721 3042 contingat
742 2965 905 3024 alterutrum
929 2967 1028 3025 morbo
1048 2967 1144 3039 aliquo
1169 2965 1305 3034 laborare,
1328 2963 1375 3038 qui

287 3062 469 3141 contagiosus
484 3066 600 3133 nonsit,
615 3083 672 3123 non
693 3064 777 3125 debet
796 3065 866 3124 alter
878 3067 941 3143 ejus
962 3065 1087 3143 effugere
1107 3065 1293 3132 consortium,
1309 3083 1373 3123 nanr

287 3171 316 3222 01
328 3163 442 3240 leproso
455 3164 580 3223 debitum
594 3163 769 3224 reddendum
781 3174 833 3223 est.
876 3164 961 3231 Quod
974 3165 999 3221 si
1013 3165 1130 3223 infectio
1143 3163 1269 3222 timenda
1281 3165 1373 3232 111,οκ

288 3261 464 3322 medicorum
485 3264 606 3341 jndicio,
628 3265 673 3322 vel
693 3266 718 3322 si
738 3264 843 3340 conjnx
864 3281 950 3322 sanus
971 3264 1153 3322 vehementer
1172 3262 1321 3321 abhorreat
1341 3263 1372 3320 ab

285 3361 402 3420 alterius
416 3365 568 3432 consortio,
583 3363 762 3422 excusandus
775 3363 895 3432 videtur,
909 3363 1129 3440 impossibilium
1143 3363 1220 3420 enim
1240 3363 1319 3420 nulla
1332 3370 1373 3420 011

287 3461 434 3537 obligatio.
1349 3459 1353 3468 '

328 3562 395 3616 102.
417 3561 486 3617 Non
501 3571 611 3626 tenetur
623 3560 857 3638 conjuxreddere
870 3560 1067 3620 debitumcuur
1082 3561 1160 3639 gravi
1175 3561 1302 3636 periculo
1310 3579 1372 3636 pro·

289 3654 357 3729 prise
371 3656 453 3711 vitae:
475 3675 527 3713 nec
548 3659 631 3714 etiarn
646 3659 812 3733 plerumque
838 3668 941 3734 potest,
964 3679 1050 3719 nemo
1069 3661 1144 3720 enim
1167 3668 1212 3716 est
1233 3660 1296 3718 vitae
1316 3678 1373 3718 sua

285 3751 428 3810 dominus.
450 3753 560 3824 Nequit
569 3755 736 3831 igiturcoire
745 3775 809 3813 cum
819 3756 961 3816 laborante
975 3768 1141 3835 pectenem
1153 3761 1317 3835 proximum
1330 3769 1373 3816 est

285 3861 314 3910 01
325 3852 505 3911 menifestum
519 3854 618 3911 mortis
632 3854 799 3930 periculum.
841 3855 973 3915 Attamen
985 3859 1010 3915 si
1018 3860 1111 3934 proles
1126 3857 1371 3918 necessariasitad

285 3954 393 4012 bonum
406 3971 568 4022 commune,
582 3954 710 4029 plerique
730 3953 828 4012 dicunt
839 3955 924 4014 licere
938 3977 969 4014 se
983 3958 1107 4035 objicere
1127 3959 1299 4017 discrimini.
1339 3957 1371 4014 Si

286 4055 392 4132 conjux
406 4066 507 4131 petens
520 4056 549 4113 in
564 4055 692 4132 periculo
705 4055 915 4114 incontinentia
929 4057 975 4125 sit,
984 4057 1080 4134 1110101
1095 4059 1236 4118 affirment
1247 4059 1333 4117 licere
1346 4057 1372 4114 oi

284 4153 447 4223 subvenire,
455 4175 519 4214 cum
529 4156 573 4214 sui
589 4155 727 4233 periculo.
766 4156 811 4215 Ad
823 4157 966 4215 vitandum
978 4158 1210 4218 incontinentiam
1220 4158 1370 4235 propriam,

245 4300 248 4306 ,
285 4249 450 4311 valdissidia
474 4253 642 4324 domestica,
663 4254 746 4316 etad
767 4255 921 4316 fovendum
941 4267 1070 4316 mutuum
1092 4277 1227 4324 amorem,
1248 4256 1371 4315 sentiunt

284 4367 399 4422 quoque
419 4352 505 4412 licere
521 4373 553 4412 se
573 4355 696 4432 objicere
716 4355 881 4431 hujusmodi
901 4355 1066 4425 discrimini,
1088 4354 1243 4414 dummodo
1260 4373 1319 4413 non
1336 4353 1371 4411 sit

283 4449 458 4526 proximum.
501 4453 587 4519 Quod
607 4455 703 4512 attinet
716 4453 751 4511 ad
771 4455 901 4514 morbum
921 4472 1085 4525 venereum,
1100 4473 1246 4528 nunquam
1261 4461 1370 4514 10110101
