3144 5192
594 570 650 630 DE
671 569 982 634 ABSOLUTIONE
1273 577 1333 633 22³

246 737 418 812 baptismum
435 744 588 795 statuerant
608 737 748 795 detineri?
760 781 767 796 .
781 780 788 796 .
803 780 810 797 .
823 737 895 803 Quae
915 744 1011 795 autem
1031 735 1217 813 baptismatis,
1232 737 1331 798 eadem

245 835 482 895 reconciliationis
490 846 534 894 est
543 855 638 905 causa,
650 837 675 894 si
685 837 756 895 forte
765 835 949 914 poenitentem
960 835 1092 894 finiendae
1102 836 1165 895 vitae
1174 837 1332 913 periculum

246 935 492 1010 preoccupaverit.
535 935 565 993 N
567 955 600 993 cc
620 937 699 1012 ipsos
720 936 796 992 enirn
810 953 854 995 ex.
866 934 921 993 hac
935 935 992 991 vita
1005 935 1066 992 sine
1087 935 1168 992 arrha
1181 955 1240 994 suaa
1254 939 1332 1013 pacis

245 1034 323 1092 exire
336 1033 410 1092 velle
422 1032 505 1092 debet
518 1042 608 1093 mater
620 1026 803 1093 Ecclesia.'’1
844 1033 901 1100 Qui
915 1033 1010 1110 ipsum
1021 1034 1132 1109 pietatis
1147 1035 1290 1104 affectum,
1304 1046 1333 1094 et

245 1132 389 1210 religionis
403 1151 520 1192 sensum
539 1133 706 1210 deposuisse
720 1131 865 1201 videntur,
875 1141 904 1190 et
917 1123 1023 1190 muniis
1037 1134 1169 1191 omnibus
1184 1135 1330 1211 religionis

243 1231 391 1309 neglectis,
419 1232 450 1290 in
474 1231 606 1290 ultimum
631 1232 784 1290 discrimen
811 1230 996 1300 adducuntur,
1019 1233 1097 1290 nullo
1123 1231 1187 1290 dato
1210 1233 1331 1293 dolentis

244 1332 332 1390 animi
346 1329 464 1398 indicio,
479 1331 594 1389 nonnisi
606 1349 643 1388 ex
657 1349 761 1406 magna
774 1330 907 1387 charitate
921 1331 1031 1389 censeri
1046 1340 1167 1407 possunt
1180 1331 1329 1410 dispositi:

244 1447 317 1500 quos
332 1439 425 1487 tamen
439 1429 544 1502 siquis
558 1429 679 1488 volucrit
693 1429 776 1486 venia
795 1429 848 1486 sub
869 1429 1031 1487 conditione
1052 1430 1166 1498 donare,
1181 1439 1211 1489 ut
1223 1432 1332 1508 pericli·

244 1530 312 1586 tanti
326 1547 382 1601 qua
396 1529 487 1604 possit
501 1529 609 1587 ratione
631 1529 769 1594 consulat,
782 1547 840 1586 non
861 1527 999 1585 audemus
1019 1547 1188 1606 repugnare.
1230 1532 1287 1598 Qui
1302 1533 1331 1590 iu

245 1628 309 1702 ipso
328 1627 438 1703 peccati
452 1636 514 1685 actu
529 1636 620 1686 morte
640 1627 762 1705 correpti
783 1635 857 1694 sunt,
880 1645 914 1683 v:
937 1645 973 1704 g:
995 1627 1125 1697 rixando,
1145 1627 1329 1700 lasciviendo,

245 1725 290 1782 vel
304 1725 388 1784 nimis
404 1725 538 1801 potando,
554 1744 610 1784 non
622 1735 744 1801 possunt
757 1725 874 1792 absolvi,
885 1743 972 1797 quum
983 1727 1076 1784 sintin
1089 1738 1205 1803 peccato
1219 1729 1330 1788 mortali

243 1823 394 1882 manifesto
406 1842 418 1881 :v
436 1825 511 1898 quod
523 1827 549 1884 si
561 1824 735 1898 aliquamdiu
745 1825 964 1901 supervixerint,
974 1824 1042 1883 licet
1052 1825 1096 1884 sui
1104 1844 1162 1884 non
1171 1837 1329 1904 compotes,

242 1922 286 1980 vel
301 1933 380 1980 extra
393 1941 424 1980 se
438 1921 546 2001 abrepti
560 1923 665 1992 furore,
678 1943 765 1998 quem
779 1924 878 1982 dicunt
896 1922 1002 1982 mania
1016 1943 1034 1983 o
1048 1931 1135 2002 potu,
1150 1927 1252 2000 poterit
1264 1927 1329 1999 quis

240 2023 381 2100 conjicere
395 2041 445 2080 eos
462 2024 538 2082 intus
560 2023 667 2092 dolere,
683 2024 813 2097 quamvis
833 2023 942 2080 turbata
961 2023 1111 2099 phantasia
1123 2031 1267 2095 nequeant
1279 2027 1331 2084 sua

240 2139 324 2179 sensa
337 2121 471 2200 pandere,
487 2141 572 2196 quem
586 2141 637 2181 eos
652 2122 845 2181 absolventem
860 2119 914 2178 sub
934 2122 1097 2181 conditione
1111 2142 1169 2181 non
1189 2124 1330 2200 improba-

242 2237 316 2278 mus.
359 2221 416 2286 Qui
429 2222 598 2280 catholicam
609 2222 695 2280 tidem
708 2240 854 2295 nunquam
868 2221 991 2298 professi
1005 2231 1080 2290 sunt,
1092 2222 1142 2280 sed
1157 2222 1329 2286 voluntatem

244 2320 272 2376 in
286 2338 348 2377 earn
371 2319 528 2396 proclivem
548 2322 742 2389 ostenderunt,
758 2329 878 2398 possunt
891 2338 926 2378 eo
939 2321 968 2378 in
982 2319 1145 2380 discrimine
1159 2325 1212 2381 sub
1233 2323 1330 2382 condi-

241 2420 317 2476 tione
332 2419 440 2476 absolvi
455 2440 471 2476 a
485 2422 613 2479 censuris
627 2421 798 2497 etpeccatis‚
813 2420 838 2476 si
855 2419 885 2476 in
899 2419 958 2476 suis
972 2421 1057 2477 sectis
1071 2420 1177 2479 suerint
1188 2423 1249 2498 jarn
1262 2422 1329 2498 bap-

241 2518 306 2585 zati,
334 2528 377 2575 est
402 2519 479 2578 enirn
506 2521 578 2578 ratio
604 2519 732 2592 quaedam
760 2517 932 2596 conjiciendi
958 2537 1008 2577 eos
1034 2519 1107 2577 velle
1133 2521 1163 2578 in
1189 2519 1329 2579 Ecclesia

239 2618 442 2677 communione
465 2619 521 2677 vita
540 2619 638 2697 fungi:
660 2620 776 2692 quodsi
796 2619 859 2697 ejus
880 2616 1031 2677 voluntatis
1052 2618 1161 2677 nullum
1184 2619 1278 2678 datum
1294 2621 1331 2678 sit

237 2716 383 2786 indicium,
395 2737 454 2777 non
462 2731 527 2778 sunt
535 2718 712 2788 absolvendi,
721 2719 834 2778 etiamsi
843 2715 912 2776 dent
920 2717 1026 2777 doloris
1038 2719 1136 2796 signa:
1154 2727 1173 2755 ‘⁴
1183 2721 1248 2792 quia
1258 2718 1327 2778 tales

238 2818 395 2891 numquam
416 2819 570 2896 prudenter
589 2821 724 2895 praesumi
739 2819 832 2878 valent
845 2837 877 2876 ea
890 2819 972 2896 signa
991 2818 1116 2896 praebere
1130 2819 1159 2878 in
1179 2819 1278 2878 ordine
1292 2820 1327 2879 ad

240 2917 462 2985 consessionem,
477 2938 494 2976 a
508 2937 564 2991 qua
577 2937 760 2996 summopere
774 2912 974 2976 abhorrent.'’²
1013 2917 1196 2977 Moribundis
1210 2920 1329 2978 absenti·

236 3015 288 3072 bus
302 3017 401 3087 nequit
414 3015 474 3074 dari
494 3017 645 3088 absolutio,
660 3019 713 3077 etsi
733 3017 940 3096 prevideantur
953 3017 1015 3074 sine
1029 3035 1063 3074 ea
1082 3018 1211 3089 alioquin
1232 3017 1328 3076 deces-

237 3115 314 3172 suri:
335 3115 376 3172 uti
401 3125 478 3192 patet
502 3137 540 3176 ex
562 3137 616 3177 usu
639 3119 790 3178 Ecclesia.
817 3117 973 3176 'Praeterea
994 3133 1052 3174 vox
1076 3115 1172 3173 “Tc”
1198 3116 1328 3193 designat

239 3212 385 3273 hominem
400 3226 580 3293 praesentem.
735 3207 738 3212 ¹

307 3409 349 3476 (l)
366 3407 396 3459 L.
406 3409 423 3459 i.
434 3409 464 3463 de
474 3409 555 3462 adult.
566 3413 630 3481 conj·
641 3429 663 3462 c.
674 3411 759 3462 xxviii.
913 3410 956 3474 (2)
976 3406 1003 3456 S.
1016 3405 1088 3471 Alph.
1098 3405 1114 3456 l.
1125 3405 1157 3456 vi.
1168 3421 1192 3455 n.
1204 3407 1261 3455 483.
