3172 5172
444 559 500 618 DE
523 556 819 619 SUSCEPTIONE
841 556 1157 618 EUCHARISTIAE.
1307 563 1346 618 93

258 724 415 802 periculum
435 728 576 784 vomitus:
604 727 634 784 in
653 725 739 786 dubio
759 735 852 782 autem
872 725 1035 782 reverentis
1055 727 1224 784 sacramenti
1244 743 1347 784 consu·

260 823 375 882 lendum
390 835 441 882 est.
483 827 588 884 Tussis
608 825 764 883 vehemens
778 843 835 882 non
848 825 940 882 obstat
952 825 1057 886 viatico
1077 824 1252 899 recipiendo,
1267 825 1347 884 dum-

260 921 346 980 modo
354 925 462 999 species
471 924 602 1002 deglutiri
611 926 799 1001 possint‚nam
807 923 940 1000 phlegma
948 942 1004 981 non
1014 925 1170 1000 ejiciturex
1179 923 1347 1002 oesophago,

260 1039 409 1097 perquem
423 1025 558 1100 trajicitur
571 1025 662 1092 cibus,
672 1023 723 1080 sed
737 1042 774 1080 ex
788 1040 887 1098 aspera
901 1025 1012 1090 arteria,
1027 1043 1077 1082 seu
1092 1025 1138 1081 via
1152 1024 1347 1099 respirationis

258 1119 291 1176 ad
302 1119 480 1196 pulmones.l

296 1223 344 1278 59.
389 1222 454 1279 “Si
475 1220 669 1298 deprehendat
689 1218 861 1298 (sacerdos)
882 1232 948 1296 post
960 1222 1162 1298 sumptionem
1180 1222 1307 1296 corporis
1322 1230 1350 1278 et

258 1319 416 1396 sanguinis,
444 1330 492 1378 aut
523 1321 609 1378 etiam
636 1330 702 1396 post
727 1319 910 1386 ablutionem,
937 1320 1071 1392 reliquias
1095 1321 1204 1392 aliquas
1235 1319 1349 1378 relictas

258 1428 450 1487 consecratas,
465 1437 513 1479 eas
534 1425 637 1486 sumat,
652 1420 712 1476 sive
732 1435 826 1493 parvae
847 1414 913 1484 sint,
929 1419 989 1475 sive
1010 1437 1128 1494 magnae,
1144 1419 1210 1491 quia
1223 1418 1258 1476 ad
1272 1419 1348 1477 idem

259 1517 432 1576 sacrificium
443 1518 605 1594 spectant.”
641 1517 683 1576 lta
693 1517 850 1593 praescribit
862 1516 997 1575 Rubrica.
1032 1517 1064 1576 Id
1079 1519 1162 1576 etiarn
1176 1517 1347 1586 faciendum,

258 1616 345 1672 etiam
359 1616 384 1672 si
404 1618 537 1676 sacerdos
551 1619 589 1675 sit
604 1619 665 1694 jam
674 1618 709 1674 in
723 1616 858 1682 sacristia,
872 1616 986 1675 indutus
1000 1625 1094 1675 tamen
1115 1615 1206 1674 adhuc
1220 1619 1347 1677 vestibus

260 1715 361 1781 sacris,
383 1715 555 1775 Benedictus
582 1716 666 1774 XIV.
688 1725 795 1773 censet.
835 1714 966 1780 Quodsi
992 1726 1085 1774 vestes
1111 1715 1286 1792 deposuerit,
1306 1736 1348 1775 re·

258 1813 355 1886 liquiae
370 1813 424 1871 illae
436 1815 737 1891 eruntreponcndaein
746 1814 935 1882 tabernaculo,
948 1815 993 1872 vel
1002 1814 1195 1888 relinquendae
1205 1816 1353 1874 sacerdoti

259 1931 327 1971 mox
342 1915 517 1973 celebraturo
533 1913 731 1973 absumendae:
754 1911 870 1985 quodsi
891 1924 1021 1972 neutrum
1036 1916 1128 1990 possit
1141 1914 1214 1980 fieri,
1229 1917 1285 1991 ipsi
1299 1915 1350 1988 qui

257 2013 409 2072 celebravit
428 2015 523 2073 licebit
535 2035 584 2074 eas
605 2033 718 2073 sumere
739 2023 910 2070 reverenter.
952 2013 1092 2086 Reliquiae
1114 2013 1228 2071 alterius
1250 2015 1349 2072 Missae

259 2113 368 2170 absumi
380 2113 433 2170 hac
447 2115 554 2174 ratione
568 2122 724 2187 nequeunt,
739 2113 764 2170 si
778 2121 939 2170 reverenter
952 2113 1190 2190 servari-possint.

298 2215 347 2272 60.
369 2212 466 2270 Altera
478 2216 642 2282 necessitas,
657 2232 720 2286 quae
730 2213 814 2289 juxta
827 2213 981 2271 concilium
990 2212 1218 2271 Constantiense
1232 2223 1350 2271 excusat

259 2310 352 2387 alege
362 2312 466 2387 jejunii
480 2315 615 2373 naturalis
629 2312 760 2370 servandi
782 2321 846 2370 ante
869 2312 1046 2370 eucharistia
1060 2314 1287 2388 susceptionem,
1304 2321 1350 2369 est

259 2409 285 2466 si
298 2409 469 2468 sacrificium
483 2413 689 2488 perficiendum
709 2413 755 2480 sit,
783 2411 941 2469 celebrante
962 2411 1111 2474 deficiente
1132 2412 1264 2469 sensibus
1285 2419 1351 2486 post

258 2510 519 2577 consecrationem
534 2513 704 2584 permittitur
721 2511 797 2566 enim
812 2511 891 2564 alteri
905 2509 1056 2574 sacerdoti,
1072 2511 1156 2564 etiam
1170 2525 1228 2563 non
1238 2507 1350 2583 jejuno,

257 2604 327 2664 illud
342 2605 499 2675 absolvere,
514 2627 550 2667 ne
566 2627 698 2667 mancum
712 2616 834 2665 maneat.
878 2607 910 2664 Si
923 2616 990 2683 post
1003 2606 1244 2664 consecrationem
1257 2623 1350 2664 recor·

257 2705 339 2764 detur
354 2704 487 2765 sacerdos
501 2727 532 2766 se
547 2727 604 2766 non
618 2725 683 2766 esse
692 2709 838 2784 jejunum,
853 2708 957 2783 poterit
969 2707 1076 2780 absque
1090 2716 1207 2783 peccato
1222 2706 1251 2765 in
1265 2725 1349 2765 sacro

259 2823 376 2871 munere
391 2823 526 2882 pergere3
541 2809 601 2866 imo
615 2807 650 2864 ad
664 2805 694 2864 id
707 2815 826 2873 tenetur,
838 2824 926 2878 quum
936 2808 1071 2865 sacrificii
1086 2807 1223 2883 perfectio
1232 2807 1349 2884 majoris

258 2905 396 2962 momenti
422 2905 460 2961 sit
484 2923 569 2978 quam
592 2906 698 2983 jejunii
717 2906 785 2963 lex:
807 2913 871 2962 ante
897 2907 1138 2972 consecrationem
1160 2917 1254 2964 autem
1275 2906 1299 2964 si
1319 2907 1350 2965 id

259 3005 403 3062 memoriae
417 3015 554 3073 occurrat,
568 3004 700 3064 recedere
714 3004 797 3062 debet
810 3005 844 3062 ab
855 3004 943 3088 altari,
958 3005 1014 3062 nisi
1028 3005 1151 3062 infamiae
1163 3005 1208 3061 vel
1222 3005 1349 3064 scandali

258 3104 419 3179 periculum
433 3105 479 3162 sit.
507 3105 540 3162 Si
554 3124 656 3176 aquam
670 3105 805 3162 selamin
819 3103 907 3160 calice
921 3121 957 3160 ex
971 3121 1064 3160 errore
1079 3103 1200 3178 positam
1213 3103 1348 3169 hauserit,

257 3201 341 3260 debet
353 3204 452 3262 vinum
465 3203 642 3262 afferendum
652 3205 765 3281 jubere,
787 3201 913 3274 illudque
937 3219 1114 3268 consecrare,
1136 3218 1269 3258 unacum
1284 3200 1349 3258 hos-

259 3301 307 3368 tia,
320 3310 353 3359 ut
367 3301 529 3378 perficiatur
541 3303 723 3370 sacrificium,
744 3303 811 3360 licet
833 3304 895 3377 ipse
912 3302 1054 3378 jejunium
1076 3319 1156 3374 aquae
1177 3300 1278 3358 haustu
1293 3300 1350 3358 sol·

259 3401 340 3472 verit.
383 3402 441 3468 Qui
455 3421 492 3460 ex
506 3421 601 3460 errore
617 3402 790 3460 ablutionem
804 3401 833 3458 in
843 3402 936 3458 Missa
949 3402 1041 3476 prima
1054 3400 1209 3476 sumpserit
1223 3401 1251 3458 in
1266 3408 1349 3458 nocte

259 3500 289 3558 N
292 3502 434 3570 stivitatis,
449 3501 495 3559 vel
508 3488 588 3569 ali'als,
604 3501 718 3574 quando
732 3501 804 3558 facta
817 3511 861 3557 est
874 3501 900 3558 ei
914 3499 1032 3558 facultas
1045 3499 1090 3557 bis
1106 3496 1277 3565 celebrandi,
1291 3516 1349 3557 non

259 3607 353 3675 potest
377 3603 479 3659 iterum
506 3600 660 3667 celebrare,
687 3618 752 3657 nam
776 3600 879 3677 jejunii
904 3598 952 3656 lex
978 3599 1094 3658 obtinet.
1149 3597 1234 3666 Quod
1255 3607 1348 3656 autem

258 3701 383 3776 populus
398 3707 490 3758 careat
503 3699 587 3775 copia
600 3700 736 3775 praecepti
750 3699 889 3774 implendi
903 3717 970 3757 casu
984 3700 1133 3776 contingit.

298 3802 347 3855 61.
368 3799 451 3857 Licet
463 3797 606 3856 sacerdoti
619 3816 677 3856 non
692 3798 794 3874 jejuno
808 3799 931 3855 Missam
951 3799 1091 3856 celebrare
1106 3797 1279 3856 addendum
1293 3797 1349 3854 sibi

261 3894 405 3964 viaticum,
420 3900 445 3956 si
458 3897 571 3955 alterius
585 3896 741 3956 sacerdotis
756 3897 805 3969 qui
818 3897 887 3956 illud
910 3897 937 3954 ei
957 3897 1013 3971 det,
1034 3916 1093 3956 non
1107 3898 1145 3954 sit
1157 3897 1257 3972 copia:
1279 3911 1349 3967 prae-

261 4001 344 4070 cepto
358 3995 434 4054 enirn
448 3995 544 4055 divino
565 4004 675 4054 tenetur
697 3994 768 4054 illud
789 3997 936 4073 suscipere
959 3997 990 4054 in
1009 3997 1109 4054 mortis
1131 3992 1306 4056 discrimine,
1321 4000 1350 4048 et

263 4093 365 4168 nequit
378 4092 431 4150 alia
445 4094 551 4152 ratione
564 4096 591 4154 ei
605 4085 795 4154 satisfacere.²
835 4095 905 4152 Non
917 4103 1010 4152 autem
1025 4094 1054 4152 id
1068 4092 1247 4168 permittitur,
1261 4093 1293 4144 ut
1302 4087 1350 4145 alii

260 4191 308 4252 det
321 4192 467 4261 viaticum,
482 4212 548 4252 nam
569 4194 633 4272 lege
656 4195 816 4253 arctissima
831 4193 936 4270 jejunii
959 4193 995 4250 ob
1016 4191 1130 4249 alterius
1150 4186 1348 4246 necessitatem

250 4290 370 4350 solutus
384 4311 526 4366 nusquam
546 4292 712 4359 declaratur,
736 4301 764 4350 et
785 4289 971 4350 moribundus
995 4295 1147 4346 excusatur
1169 4307 1185 4344 a
1205 4293 1348 4364 precepto

260 4389 417 4470 implendo,
432 4391 545 4466 quando
559 4390 642 4451 deest
653 4391 776 4451 occasio.

398 4549 440 4614 (l)
460 4548 487 4599 S.
498 4547 574 4613 Alph.
585 4548 601 4597 l.
613 4547 645 4598 vi.
654 4561 679 4596 ιι.
692 4546 749 4596 tta.
948 4543 991 4610 (2)
1010 4539 1109 4602 Ibidem,
1120 4557 1146 4593 ιι.
1158 4543 1216 4594 286.
