3108 5162
294 545 353 604 882
491 535 549 600 DE
569 534 890 596 lMPEDIMENTIS
910 533 1192 602 MATRIMONII.

336 708 403 766 los.
424 703 525 764 Error
547 704 623 763 circe
643 721 796 781 personam
816 704 991 762 matrimonii
1002 703 1090 763 valori
1104 705 1227 770 obstat;
1250 719 1307 760 neo
1321 702 1390 759 enirn

293 807 411 866 babetur
435 820 603 871 consensus,
630 803 692 862 sine
713 821 771 878 quo
797 803 1010 862 matrimonium
1030 803 1137 862 nullum
1164 811 1227 861 est.
1274 799 1353 858 Hinc
1369 800 1391 856 si

293 905 364 964 alius
378 921 431 981 pro
444 921 562 980 sponso,
576 903 622 961 vel
644 903 699 961 alia
719 919 771 978 pro
791 920 907 980 sponsa,
923 903 1063 979 ignoranti
1082 902 1240 969 offeretur,
1256 899 1337 958 nulla
1347 899 1392 956 erit

293 1004 338 1064 uis
351 1021 509 1063 consensus
523 1002 649 1080 prestiti,
670 1002 738 1062 licet
757 1010 855 1060 secuta
876 1003 913 1060 sit
933 1001 1050 1078 copula:
1074 1009 1263 1078 quapropter
1277 998 1332 1056 Lia
1344 1015 1389 1072 pro

293 1101 420 1162 Racbele
446 1101 554 1162 Jacobo
580 1100 654 1168 data,
682 1119 741 1160 nou
766 1100 819 1160 t'uit
847 1101 910 1178 ejus
938 1119 1022 1168 uxor,
1051 1101 1107 1159 nisi
1132 1119 1218 1158 novo
1251 1115 1390 1156 consensu

294 1204 431 1280 praestito,
455 1208 520 1278 post
538 1217 662 1258 enorem
682 1199 834 1259 detectum.
875 1200 965 1260 Error
977 1208 1071 1258 autem
1082 1200 1131 1272 qui
1144 1199 1325 1272 qualitatem
1340 1205 1391 1252 tan-

295 1299 441 1362 tummodo
460 1307 580 1376 spectat,
601 1316 661 1359 nou
685 1299 779 1358 obstat
799 1299 964 1366 consensui,
985 1299 1041 1357 nisi
1063 1298 1195 1358 conditio
1219 1296 1342 1356 omnino
1360 1293 1392 1349 sit

294 1399 431 1476 apposita.
474 1398 507 1456 Si
521 1399 585 1470 quis
599 1399 711 1476 generis
724 1397 908 1466 nobilitatem,
919 1397 1067 1457 divitiaene
1082 1396 1292 1464 ementiendo,
1308 1393 1389 1468 insig-

293 1515 345 1558 nes
365 1497 477 1574 nuptias
498 1497 552 1556 sibi
574 1497 779 1566 conciliaverit,
801 1516 865 1572 ques
885 1497 913 1554 ei
925 1497 1022 1574 nupsit
1034 1515 1092 1556 uon
1106 1507 1206 1574 potest
1220 1509 1390 1554 consensum

294 1596 405 1658 irritum
425 1597 529 1662 facere,
551 1597 618 1670 quia
639 1615 675 1655 ex
696 1615 790 1656 errore
813 1595 956 1674 proiectus
976 1607 1029 1664 est,
1050 1597 1117 1674 dolo
1138 1597 1224 1655 illius
1256 1603 1286 1652 et
1305 1592 1390 1666 culpa.

294 1696 352 1764 Qui
376 1695 500 1772 puellam
523 1695 605 1754 duxit
627 1697 709 1756 bonae
732 1697 825 1764 same,
845 1696 883 1754 ita
909 1696 1004 1754 animo
1024 1695 1181 1774 dispositus
1211 1704 1245 1752 ut
1268 1693 1387 1750 vitiatam

293 1795 411 1856 minime
425 1794 549 1862 duceret,
570 1813 628 1854 non
649 1803 743 1872 potest
755 1796 967 1854 matrimonium
981 1795 1134 1863 infirmare,
1147 1795 1222 1854 licet
1236 1790 1388 1870 reperiatur

292 1895 381 1956 fuisse
395 1902 535 1971 corrupta.
577 1895 705 1962 Qualitas
719 1911 848 1970 personae
862 1894 891 1952 in
905 1893 1088 1954 substantiam
1098 1893 1266 1952 redundare
1281 1889 1384 1951 dieitur,

294 1995 409 2070 quando
422 1995 486 2068 quis
501 2012 671 2053 consensum
686 2012 771 2051 suum
784 2012 818 2052 ea
830 1992 995 2052 conditione
1013 1993 1070 2061 dat,
1084 1993 1155 2052 adeo
1169 2003 1203 2051 ut
1218 1992 1295 2052 nolit
1314 1987 1387 2046 aliter

294 2096 470 2152 consentire:
493 2111 551 2166 quo
564 2111 630 2151 casu
645 2109 801 2150 consensus
815 2092 856 2151 nil
870 2092 953 2160 valet,
968 2091 1116 2151 deficiente
1130 2093 1315 2151 conditione.
1341 2085 1384 2142 Sic

293 2191 318 2248 si
332 2192 395 2264 quis
409 2189 499 2248 dicat:
522 2188 595 2248 duco
609 2199 646 2259 te,
660 2191 685 2248 ei
699 2208 796 2248 revera
807 2192 887 2268 virgo
901 2191 959 2257 sis;
979 2192 1089 2250 nullum
1102 2200 1147 2250 est
1159 2187 1383 2250 matrimonium,

293 2290 319 2348 si
332 2290 416 2350 suerit
428 2297 569 2365 corrupta.
612 2287 735 2357 Quando
755 2290 875 2364 qualitas
896 2299 940 2348 est
959 2293 1074 2368 propria
1096 2292 1222 2368 alicujus
1248 2300 1380 2368 persone·

1496 870 1504 1059 i

1505 2013 1506 2038 ι

1504 2081 1506 2130 i

1504 2137 1506 2181 i

294 2389 365 2448 adeo
379 2401 410 2448 ut
422 2408 485 2448 eam
500 2389 535 2446 ab
552 2389 616 2449 aliis
636 2389 789 2458 discernat,
810 2409 846 2448 v:
861 2408 896 2467 g:
921 2389 998 2461 quod
1018 2388 1149 2463 quaedam
1169 2389 1233 2449 filia
1257 2389 1294 2446 sit
1315 2381 1382 2458 regis
1490 2427 1502 2449 .

294 2489 454 2568 cujusdam,
468 2487 575 2548 ducens
590 2489 741 2563 quandam,
764 2507 827 2562 que
847 2488 919 2547 falso
939 2505 970 2545 se
984 2487 1052 2547 dicit
1064 2507 1126 2549 cam
1141 2507 1216 2558 csse,
1235 2507 1294 2548 non
1308 2495 1377 2542 tene-

296 2598 339 2647 tur
353 2605 494 2647 consensu
510 2587 586 2655 dato,
602 2589 651 2661 qui
664 2607 758 2646 errore
773 2589 884 2647 vitiatus
897 2596 950 2646 est.
978 2587 1027 2646 Sic
1042 2589 1091 2660 qui
1104 2588 1217 2646 duceret
1233 2583 1380 2662 quandam,

295 2704 358 2761 quaa
371 2687 431 2745 filla
443 2685 591 2764 eujusdam
611 2686 765 2754 dicebatur,
785 2687 858 2744 liber
876 2685 1023 2744 habendus
1043 2687 1126 2754 foret,
1140 2689 1165 2745 si
1190 2688 1250 2745 alia
1271 2695 1377 2763 pmrsus

294 2791 361 2842 erat.
404 2783 462 2850 Qui
475 2783 591 2841 duceret
604 2784 754 2855 quandam,
770 2803 832 2856 quae
846 2785 975 2861 legitima
987 2786 1045 2843 filia
1057 2795 1085 2845 et
1097 2786 1189 2855 heres
1202 2785 1377 2845 censebatur,

294 2899 378 2954 quam
393 2889 494 2958 postea
513 2881 619 2956 reperit
640 2899 703 2940 esse
723 2883 860 2960 spuriam,
881 2885 1017 2942 natalium
1033 2887 1102 2944 vitio
1115 2877 1275 2963 comperto,
1291 2883 1378 2961 posset

292 2979 364 3040 liber
376 2980 486 3050 baberi,
501 2980 525 3039 si
539 2999 696 3040 consensus
710 2983 737 3040 ei
751 2993 894 3056 tamquam
907 2984 972 3042 filiae
982 2985 1115 3060 legitima
1125 2985 1207 3043 datus
1221 2986 1375 3044 videretur:

292 3079 344 3140 sed
364 3081 457 3160 potius
488 3091 597 3143 tenetur
624 3082 749 3150 vinculo,
776 3102 864 3156 quum
890 3101 968 3142 error
995 3083 1081 3142 fucrit
1100 3083 1136 3143 de
1160 3085 1307 3157 qualitate.
1346 3074 1374 3132 Si

294 3200 452 3242 consensus
472 3181 609 3259 dirigatur
627 3183 769 3261 precipue
789 3183 818 3240 in
841 3184 1015 3254 qualitatem,
1036 3193 1065 3241 et
1086 3183 1255 3243 secundario
1272 3187 1301 3243 in
1321 3194 1376 3256 per·

294 3299 405 3350 sonam,
428 3299 506 3340 error
528 3282 558 3340 in
582 3281 715 3356 qualitate
734 3299 799 3340 eum
821 3282 915 3340 vitiat:
938 3283 979 3340 sic
999 3283 1025 3339 si
1047 3285 1112 3356 quis
1136 3282 1370 3361 pulchritudinem

294 3381 397 3457 pucllae
413 3381 527 3439 miratus
548 3399 611 3439 eam
633 3381 663 3439 in
682 3382 890 3440 matrimonium
906 3381 1009 3440 ducere
1024 3383 1100 3450 velit,
1115 3401 1200 3456 quam
1214 3382 1305 3441 credit
1316 3391 1373 3436 esse

293 3481 449 3540 maximam
462 3490 526 3538 natu
541 3499 557 3538 c
571 3480 683 3556 filiabus
694 3479 853 3559 cujusdam,
867 3482 997 3555 quamvis
1006 3481 1043 3539 sit
1052 3483 1145 3541 minor
1158 3501 1274 3550 sorore;
1291 3479 1337 3555 qui
1350 3472 1373 3530 ei

292 3578 510 3652 primogenitam
537 3580 667 3652 poscenti
693 3580 800 3646 annuit,
822 3580 962 3653 aliamque
984 3580 1075 3647 tradit,
1103 3599 1225 3640 noscens
1251 3601 1316 3641 curn
1341 3589 1373 3632 0¹

273 3707 277 3712 -
292 3688 386 3730 errore
400 3673 476 3729 illam
491 3675 532 3730 sic
546 3674 721 3750 designasse,
737 3696 794 3735 non
807 3687 901 3752 potest
913 3697 977 3736 euna
992 3699 1134 3739 consensu
1146 3683 1270 3758 praestito
1286 3689 1373 3739 tenere

292 3767 462 3828 devinctam.

333 3872 401 3927 140.
426 3866 565 3928 Conditio
579 3870 691 3930 servilis
706 3889 793 3942 quam
806 3873 879 3931 liber
890 3878 1062 3938 contrahens
1077 3865 1198 3958 ignorat,
1209 3882 1298 3939 valori
1313 3883 1372 3939 mat·

291 3971 407 4032 rimonii
433 3961 555 4039 obstat3¹
589 3989 642 4028 nec
669 3971 747 4032 enim
773 3973 934 4033 censendus
960 3987 1003 4035 cst
1026 3979 1098 4038 liber
1122 3982 1274 4058 conjugem
1300 3971 1371 4038 alteri

292 4090 409 4148 prorsus
424 4072 568 4130 subditum
583 4071 636 4130 sibi
651 4091 773 4132 sumere.
789 4093 790 4096 ¹
816 4073 894 4135 Hinc
915 4076 940 4134 si
953 4077 1055 4136 mulier
1067 4078 1155 4138 libera
1167 4079 1295 4156 nupserit
1307 4081 1370 4138 viro,

292 4188 379 4244 quem
393 4173 510 4248 putabat
522 4171 651 4241 liberum,
664 4173 713 4246 qui
724 4182 817 4233 tamen
830 4173 977 4253 deinceps,
994 4176 1071 4236 unde
1089 4178 1372 4256 aufugeratreductus

291 4279 345 4336 est,
359 4271 421 4346 ipsa
434 4272 550 4330 vinculo
564 4273 643 4330 omni
658 4272 831 4333 matrimonii
845 4275 936 4334 soluta
949 4276 1085 4336 habetur:
1108 4278 1160 4338 sed
1173 4279 1199 4338 si
1213 4297 1296 4337 serra
1308 4291 1371 4350 nup·

362 4481 405 4547 (l)
425 4478 487 4546 Cap.
499 4482 527 4532 Si
538 4483 593 4550 quis
604 4484 733 4546 ingenuus
745 4487 813 4537 xxix.
825 4493 849 4538 et
860 4504 881 4540 c.
892 4488 917 4542 ii.
929 4495 953 4538 et
963 4491 994 4540 iv.
1005 4490 1035 4542 de
1051 4491 1168 4562 conjugio
1178 4507 1311 4548 ternorum·
