3108 5162
261 553 319 608 342
457 543 515 604 DE
535 541 854 604 IMPEDlMENTIS
876 542 1149 603 MATRIMONII.

261 712 496 789 impedimentum
508 711 570 788 jam
584 711 670 786 viget,
684 707 760 782 quod
774 709 888 768 nonnisi
901 727 939 768 ex
952 710 1081 768 facultate
1095 729 1111 767 a
1123 708 1263 785 pontifice
1280 709 1369 786 epis-

262 813 343 888 copis
357 809 493 886 delegata,
508 807 629 866 relaxari
642 817 743 884 potest.

303 913 369 968 16³.
392 908 577 966 Matrimonia
597 907 668 964 inter
690 905 844 981 baptizatos
859 907 936 964 irrita
955 925 1013 965 non
1037 916 1112 973 sunt,
1134 907 1202 964 licet
1215 906 1367 963 alteruter

261 1007 364 1066 heresi
389 1008 435 1066 vel
464 1007 548 1066 etiam
575 1005 738 1064 infidelitate
765 1005 887 1063 laboret:
919 1015 1041 1064 attamen
1061 1005 1127 1081 jure
1152 1004 1367 1062 ecclesiastico

264 1105 404 1164 habentur
417 1105 510 1172 vetita,
532 1103 610 1176 quod
630 1121 666 1162 ex
686 1102 816 1161 conciliis
831 1103 1004 1171 Laodiceno,
1026 1103 1193 1180 Agathensi,
1207 1113 1236 1159 et
1249 1101 1370 1160 Laodi·

262 1223 335 1265 ceno
350 1205 457 1280 colligit
470 1202 643 1260 Benedictus
657 1197 756 1260 XlV.¹
776 1200 851 1260 lllud
863 1211 973 1260 constat
987 1221 1024 1259 cx
1038 1201 1166 1277 pluribus
1181 1201 1367 1277 pontificum

262 1304 465 1368 sanctionibus,
480 1301 684 1358 recentioribus
699 1301 865 1377 pracsertim,
880 1319 914 1358 ea
927 1300 1001 1358 haud
1015 1300 1100 1357 licere
1115 1301 1220 1357 nisiex
1235 1299 1367 1374 dispen-

262 1402 370 1458 satione
394 1397 557 1476 pontificia:
580 1417 664 1471 quam
685 1399 813 1475 episcopi
835 1398 1020 1457 missionariis
1043 1399 1268 1465 communicant,
1283 1417 1366 1456 con-

260 1497 415 1558 ditionibus
429 1498 566 1574 appositis
581 1514 643 1567 qum
657 1495 754 1553 eadem
770 1498 933 1554 auctoritate
954 1505 1120 1554 statuuntur.
1163 1497 1258 1554 Prolis
1272 1497 1365 1554 insti-

261 1597 362 1655 tutioni
375 1595 533 1662 catholicae,
547 1595 622 1652 sicut
634 1605 662 1652 et
674 1593 804 1670 conjugis
818 1595 950 1652 catholici
962 1594 1082 1652 libertati
1093 1595 1234 1670 imprimis
1248 1613 1363 1652 consu-

262 1694 377 1755 lendum
402 1702 455 1760 est,
482 1693 673 1769 promissione
699 1694 784 1750 etiam
801 1692 896 1767 jurata
915 1694 951 1751 iis
980 1692 1015 1750 de
1042 1695 1126 1750 rebus
1146 1694 1270 1750 emissa:
1298 1693 1362 1752 sed

261 1811 349 1866 quum
364 1793 493 1850 molestia
512 1792 641 1849 suscitari
656 1801 752 1866 posset
765 1790 869 1850 alicubi
888 1791 1026 1850 sacerdoti
1044 1793 1237 1868 juramentum
1252 1793 1361 1849 minis-

261 1893 353 1958 tranti,
368 1901 396 1950 et
410 1909 496 1964 quum
516 1890 644 1966 plerique
656 1891 705 1947 vix
716 1889 819 1946 adduci
833 1901 950 1966 possent
963 1889 1072 1948 utillud
1083 1899 1226 1966 prestent,
1240 1890 1359 1948 videtur

263 1990 393 2050 sufficere
408 1999 438 2048 ut
450 2008 544 2048 coram
560 1989 623 2047 Deo
644 1989 810 2046 solemniter
824 1989 1044 2066 interrogentur:
1067 1989 1128 2046 haec
1142 1989 1220 2047 enim
1233 1997 1278 2045 est
1288 1989 1356 2064 ipsa

262 2091 305 2147 vis
327 2089 493 2166 juramenti.
536 2087 618 2146 Nulli
644 2087 761 2144 omniuo
783 2084 937 2145 adhibendi
964 2097 1030 2146 sunt
1055 2089 1135 2154 riuus,
1164 2105 1275 2163 preces,
1304 2089 1355 2145 vel

260 2197 353 2243 vestes
365 2205 469 2252 sacrae3
485 2184 533 2242 sed
545 2202 701 2242 consensus
714 2184 937 2244 contrahentium
951 2186 1102 2262 excipitur,
1113 2184 1256 2242 sacerdote
1268 2187 1351 2242 testis

260 2281 499 2350 auctorisabilis,
517 2285 558 2342 uti
578 2282 686 2350 dicunt,
709 2301 827 2341 munere
841 2280 1011 2361 fungente31
1032 2285 1071 2342 nil
1085 2295 1177 2342 autern
1194 2292 1267 2340 vetat
1279 2303 1349 2341 con-

255 2385 342 2462 juges
364 2400 495 2442 sermone
518 2383 597 2460 gravi
619 2381 654 2440 de
675 2382 789 2441 vinculo
810 2383 989 2449 matrimonii,
1011 2383 1087 2454 quod
1110 2383 1189 2440 nullo
1210 2383 1239 2439 in
1252 2401 1347 2440 rerum

260 2495 362 2544 eventu
384 2483 456 2540 solvi
478 2490 571 2553 queat,
592 2491 689 2540 contra
711 2501 836 2539 errorem
860 2481 894 2538 de
914 2481 1034 2538 divortio
1049 2482 1202 2557 vigentem,
1217 2499 1345 2548 mouere,

259 2600 367 2656 eosque
382 2581 417 2638 ad
432 2581 554 2637 veritatis
568 2581 737 2656 pietatisque
750 2579 874 2636 studium
888 2580 1022 2636 excitare.
1065 2579 1150 2638 Haud
1165 2581 1236 2637 intra
1247 2581 1346 2654 templi

260 2681 407 2745 ambitum,
427 2677 550 2750 ideoque
571 2678 621 2734 virt
643 2679 671 2735 in
692 2677 830 2744 sacristia,
852 2678 956 2752 nuptiae
977 2676 1142 2753 hujusmodi
1162 2677 1346 2734 conciliandae

258 2770 350 2834 sunt.²
369 2776 478 2833 tinnuli
517 2793 586 2832 usus
601 2777 706 2846 absque
727 2774 785 2830 ulla
798 2774 1006 2842 benedictione,
1022 2777 1068 2833 vel
1088 2793 1181 2851 prece,
1195 2776 1239 2833 vel
1252 2777 1346 2834 verbis

258 2873 374 2950 prolatis
401 2873 469 2930 dum
493 2871 658 2946 imponitur,
687 2871 797 2929 videtur
823 2874 946 2948 permitti
966 2892 1062 2949 posse.
1116 2872 1284 2932 Cavendum
1309 2893 1346 2931 ne

258 2970 469 3030 matrimonium
501 2971 543 3028 sic
563 2977 735 3030 contractum
763 2971 891 3030 credatur
919 2973 1086 3030 sacramenti
1106 2973 1134 3030 vi
1157 2983 1185 3030 et
1210 2972 1345 3049 dignitate

257 3089 364 3139 carere,
378 3090 445 3130 nam
456 3072 539 3148 juxta
553 3087 737 3129 communem
752 3071 920 3128 sententiam
933 3080 1095 3128 contractus
1105 3071 1176 3130 inter
1189 3070 1346 3148 baptizatos

258 3181 301 3228 est
315 3182 540 3230 sacramentum:
555 3169 675 3242 ideoque
696 3168 850 3227 curandum
876 3178 906 3226 ut
919 3169 1073 3228 catholicus
1095 3189 1125 3228 se
1146 3171 1197 3228 rite
1217 3180 1298 3247 paret
1310 3171 1346 3228 ad

257 3273 385 3347 gratiam,
401 3289 487 3344 quum
503 3267 654 3328 accedente
669 3267 889 3346 dispensatione,
906 3269 942 3326 ob
956 3287 1056 3345 graves
1072 3288 1182 3337 causas,
1197 3279 1225 3326 et
1238 3269 1347 3326 cantela

259 3369 395 3437 adhibita,
408 3369 486 3427 licite
497 3369 562 3429 iniri
577 3368 676 3444 possit.

300 3473 366 3526 164.
396 3466 446 3526 Vis
460 3471 566 3546 injuste
579 3467 655 3525 illata
669 3467 703 3524 ad
717 3487 888 3525 consensum
904 3469 932 3525 in
947 3468 1160 3527 matrimonium
1175 3475 1346 3540 extorquen-

256 3566 324 3623 dum
338 3567 406 3624 sacit
420 3586 455 3623 ne
469 3569 570 3633 valeat,
592 3569 618 3624 si
639 3568 731 3641 gravis
746 3566 812 3625 inde
826 3568 931 3625 oriatur
944 3575 1053 3623 metus:
1076 3568 1113 3624 ita
1126 3567 1203 3624 enirn
1218 3565 1346 3624 decrevit

256 3659 387 3716 Ecclesia
400 3661 519 3719 libertati
535 3665 660 3738 conjugii
675 3664 800 3730 studens,
826 3675 853 3722 et
862 3666 911 3741 jus
927 3666 1073 3740 explicans
1088 3674 1212 3723 naturae:
1236 3663 1342 3722 “Cum

254 3755 351 3813 locum
379 3773 435 3811 non
457 3755 558 3812 habeat
583 3775 752 3827 consensus,
774 3762 822 3816 ubi
849 3769 941 3818 metus
975 3763 1020 3820 vel
1043 3765 1150 3821 coactio
1184 3763 1343 3830 intercedit,

255 3871 372 3916 necesse
386 3864 438 3922 est,
453 3863 483 3913 ut
497 3855 544 3912 ubi
566 3871 701 3912 assensus
726 3841 895 3930 cujusquam
915 3862 1075 3933 requiritur,
1089 3863 1242 3920 coactionis
1256 3871 1344 3919 mate-

254 3957 295 4013 ria
314 3955 480 4032 repellatur3
501 3953 713 4013 matrimonium
737 3965 830 4014 autem
852 3957 914 4015 solo
937 3977 1078 4018 consensu
1101 3962 1293 4028 contrahitur;
1315 3971 1344 4018 et

289 4133 332 4196 (l)
353 4131 390 4180 De
402 4131 494 4200 synodo
505 4130 639 4180 dimcesone
650 4130 666 4179 l.
678 4131 708 4180 vi.
720 4147 741 4180 e.
753 4147 775 4178 v.
814 4131 873 4180 Vide
889 4139 914 4181 et
931 4132 1035 4182 constit.
1052 4135 1136 4183 xxxiv.
1154 4139 1176 4193 ς,
1195 4138 1218 4183 3.
1237 4135 1341 4184 Bullarii

253 4215 367 4279 ejusdem.

288 4301 331 4367 (2)
353 4300 412 4349 Vide
424 4301 463 4350 Pii
476 4301 531 4351 vu.
544 4301 635 4350 Breve:
648 4301 708 4352 Etsi
713 4300 907 4368 fraternitatis,
922 4304 951 4353 ed
963 4303 1067 4367 archiep.
1076 4305 1180 4367 Mogun.
1190 4321 1255 4355 arrno
1269 4309 1342 4356 1803.

288 4386 330 4451 (3)
353 4383 412 4432 Vide
425 4383 527 4450 Ritualis
540 4385 643 4434 Romani
660 4386 838 4450 compendium,
857 4387 984 4437 Baltimori
1000 4400 1079 4452 nuper
1095 4390 1194 4449 editum,
1210 4391 1292 4440 adnot.
1310 4391 1340 4439 da

249 4485 299 4520 sac·
310 4475 367 4518 mat.

1530 1161 1534 1384 l
