3168 5178
601 1479 666 1544 DE
715 1478 922 1543 ORDINE.

585 1923 729 1984 CAPUT
750 1923 935 1984 UNICUM.

364 2150 365 2153 ¹
429 2122 500 2197 §.L
541 2122 591 2180 Da
611 2139 750 2181 onurnnn
770 2139 966 2181 narramur
987 2139 1096 2182 ronna,

259 2299 286 2352 l.
307 2292 406 2360 Orno,
420 2301 506 2368 prout
517 2291 565 2349 hic
579 2294 709 2359 sumitur,
730 2292 776 2349 vel
795 2291 902 2349 indicat
921 2291 1007 2349 ritum
1030 2309 1087 2364 quo
1101 2299 1227 2367 potestas
1241 2309 1307 2350 con·

232 2401 308 2450 ertur
320 2389 355 2448 ad
377 2409 497 2449 munera
518 2408 598 2447 sacra
618 2387 758 2456 obeunda,
779 2390 828 2462 qui
851 2389 1020 2464 plerumque
1033 2389 1174 2448 ordinatio
1188 2387 1306 2456 dicitnr;

218 2491 265 2549 vel
291 2492 383 2566 ipsam
410 2496 577 2567 potestatem
598 2507 633 2546 ea
657 2487 785 2556 obeundi.
801 2505 929 2546 munera.
981 2485 1098 2564 Septem
1125 2494 1309 2545 numerantur

218 2589 344 2657 ordines,
360 2587 548 2647 sacerdotium
562 2588 680 2656 scilicet,
692 2585 866 2656 diaconatus,
878 2585 1106 2654 subdiaconatus,
1118 2584 1307 2661 acolythatus,

135 2741 143 2750 .
218 2689 415 2757 exorcistatus,
429 2688 591 2756 lectoratus,
606 2697 634 2745 et
647 2687 824 2745 ostiariatus:
847 2704 968 2760 quorum
983 2694 1039 2743 tres
1053 2685 1164 2764 priores
1177 2685 1310 2763 dicuntur

219 2790 341 2866 majores
356 2799 384 2844 et
396 2790 479 2856 sacri,
494 2807 529 2845 eo
543 2786 621 2860 quod
634 2806 714 2844 sacra
726 2805 845 2846 munera
859 2785 976 2862 propius
990 2785 1154 2863 respiciant,
1175 2793 1204 2842 et
1216 2784 1308 2843 horni-

219 2905 286 2945 nem
309 2886 374 2944 Deo
395 2895 535 2942 sacratum
558 2894 694 2961 perpetuo
713 2885 850 2961 ligamine
876 2884 1047 2944 devinciant.
1089 2884 1132 2943 Hi
1151 2903 1253 2944 omnes
1266 2902 1309 2942 re·

220 2991 372 3042 censentur
393 3003 409 3039 a
429 2981 566 3040 Cornelio
587 2982 677 3058 Papa,
700 2982 730 3039 in
749 2982 870 3057 epistola
892 2981 927 3039 ad
946 2965 1068 3043 Fabium
1096 2985 1308 3042 Antiochenum

221 3083 301 3140 tertio
315 3081 420 3138 saeculo
433 3080 529 3139 medio
543 3072 672 3156 scripta.¹
713 3080 810 3137 Prima
830 3089 947 3137 tonsura
959 3088 1004 3137 est
1015 3081 1085 3139 ritus
1099 3082 1309 3139 ecclesiasticus

221 3199 278 3255 quo
301 3181 365 3254 quis
386 3178 421 3236 ad
446 3179 561 3238 ordines
581 3176 780 3253 suscipiendos
806 3186 928 3254 paratur,
950 3178 1128 3255 capillorum,
1149 3197 1260 3236 coronae
1274 3178 1310 3236 ad

219 3283 317 3348 instar,
332 3279 474 3337 tonsione.
516 3278 588 3336 Lato
608 3294 694 3334 sensu
709 3275 811 3334 dicitur
824 3275 905 3344 ordo,
927 3286 1067 3350 quatenns
1081 3280 1145 3352 quis
1159 3279 1188 3335 in
1202 3277 1309 3336 clerum

220 3399 236 3437 e
249 3379 384 3438 laicorum
400 3387 475 3436 coetn
488 3378 529 3435 sic
544 3375 717 3435 transfertur.

258 3483 285 3537 2.
311 3477 449 3537 Ordinem
477 3495 542 3535 esse
568 3483 777 3534 sacramentum
802 3473 859 3534 fide
879 3478 1000 3542 constat,
1028 3485 1201 3552 quapropter
1224 3495 1309 3538 nemo

220 3580 293 3637 inter
307 3577 473 3636 catholicos
487 3575 594 3634 dubitat
607 3573 796 3633 sacerdotium
811 3581 1018 3632 sacramentum
1033 3593 1113 3643 esse;
1135 3574 1212 3648 quod
1226 3576 1310 3654 pleri·
1366 3597 1369 3604 ¹

220 3697 275 3751 qne
302 3677 336 3736 de
356 3676 506 3735 diaconatu
526 3676 612 3734 etiam
639 3673 797 3733 affirmant:
820 3671 855 3730 de
882 3673 993 3732 caeteris
1013 3692 1071 3732 non
1097 3674 1168 3735 adeo
1189 3685 1308 3744 constat,

222 3794 310 3847 quum
323 3777 468 3852 impositio
483 3794 619 3834 manuum
640 3775 676 3832 in
691 3774 726 3832 iis
747 3791 805 3831 non
824 3773 882 3840 fiat,
905 3781 932 3829 et
952 3771 1039 3832 iidem
1053 3792 1112 3833 non
1125 3776 1183 3834 sint
1195 3775 1310 3834 ordines

223 3875 349 3932 minores
363 3875 438 3950 apud
453 3875 570 3932 Graecos
585 3875 635 3948 qui
649 3872 724 3950 apud
738 3872 867 3931 Latinos.

263 3976 293 4030 3.
315 3971 418 4029 Utrum
439 3973 623 4049 Episcopalis
646 3972 820 4030 consecratio
841 3973 878 4030 sit
897 3977 1104 4030 sacramentum
1125 3971 1312 4031 ssacerdotio

224 4070 388 4131 distinctum
403 4088 531 4140 numero,
552 4074 625 4130 inter
645 4071 793 4149 theologos
817 4072 959 4145 quaeritur.
1001 4069 1217 4130 Affirmantibus
1232 4071 1313 4149 plura

223 4169 328 4229 favent.
371 4167 550 4228 Testimonia
571 4170 606 4229 ad
626 4169 813 4230 Timotheum
833 4169 1030 4247 episcopalem
1051 4169 1256 4230 ordinationem
1270 4189 1313 4230 rs·

222 4272 335 4347 spicere
362 4267 503 4327 videntur.
544 4267 701 4346 Apostolus
727 4269 811 4327 etiam
837 4268 959 4327 affirmat
984 4269 1136 4346 episcopos
1163 4289 1179 4328 a
1204 4270 1313 4347 Spiritu

223 4369 328 4429 Sancto
343 4368 530 4428 constitutos:
554 4367 728 4426 “Attendite
742 4367 833 4436 vobis,
855 4377 884 4426 et
895 4369 1029 4426 universo
1043 4371 1133 4448 gregi,
1148 4370 1178 4429 in
1191 4390 1248 4445 quo
1261 4389 1313 4429 vos

429 4527 472 4593 (l)
491 4526 567 4590 Apud
579 4525 670 4577 Euseb.
679 4527 695 4576 l.
706 4526 738 4578 vi.
748 4525 805 4577 hist.
817 4525 885 4578 Eccl.
895 4543 917 4578 c.
928 4527 988 4580 xliii.
999 4529 1060 4581 alias
1070 4545 1146 4580 xxxv.

739 4608 778 4664 24
788 4608 805 4643 ¹*
