3144 5192
580 525 722 586 CAPUT
744 525 926 586 UNIOUM.
1243 529 1302 586 203

212 713 276 770 nos,
296 711 360 753 rure
381 693 536 771 praesertim
557 692 585 750 in
606 691 802 772 missionibus,
817 690 1054 768 superpelliceum
1075 691 1126 750 vix
1151 693 1302 750 consuevit

214 793 362 861 adhiberi;
384 801 556 870 quapropter
569 790 755 850 missionariis
775 789 852 848 haud
865 788 1037 868 injiciendus
1051 789 1163 849 videtur
1175 810 1209 849 ea
1222 790 1257 848 de
1271 809 1302 849 re

214 892 375 970 scrupulus,
390 911 478 966 quum
498 892 651 950 necessitas
672 892 726 949 eos
745 888 914 966 plerumque
935 890 1038 948 habeat
1060 899 1229 948 excusatos:
1251 889 1302 949 sed

213 1009 276 1050 mos
302 991 332 1053 in
351 992 435 1051 urbes
458 992 554 1068 plures
576 990 714 1058 invectus,
735 996 763 1046 et
785 989 852 1048 alibi
871 989 955 1048 etiam
976 996 1114 1058 servatus,
1135 1008 1171 1047 eo
1192 989 1302 1058 utendi,

213 1090 317 1163 ubique
331 1089 508 1150 inducendus
523 1099 575 1158 est,
589 1098 621 1148 ut
642 1089 810 1148 aemulemur
822 1088 991 1147 universalis
1010 1087 1152 1147 Ecclesia
1172 1088 1299 1167 discipli·

213 1208 290 1258 nam,
305 1198 334 1248 et
346 1190 459 1250 decreto
472 1189 587 1250 concilii
601 1189 785 1266 provincialis
806 1188 1023 1248 Baltimorensis
1044 1187 1069 1246 Ι.
1091 1187 1301 1261 obsequamur:

213 1287 290 1362 quod
300 1289 549 1366 superpelliceum,
563 1307 621 1347 una
633 1307 699 1348 cum
712 1288 794 1358 stola,
810 1289 839 1346 in
853 1288 933 1346 omni
946 1305 1027 1346 sacro
1042 1304 1159 1346 munere
1172 1287 1304 1346 obeundo

215 1387 406 1447 adhibendum
421 1381 626 1446 commendat.¹

258 1489 306 1544 11.
327 1486 496 1546 “Omittere
522 1487 665 1546 orationes
691 1486 721 1544 iu
748 1485 855 1544 Rituali
885 1485 1073 1563 praescriptas,
1099 1493 1178 1544 extra
1205 1503 1304 1544 casum

215 1586 404 1655 necessitatis,
419 1587 481 1648 sine
494 1587 582 1645 dubio
595 1593 639 1644 est
652 1578 821 1643 mortale.”²
859 1584 979 1642 Litaniae
993 1593 1086 1645 autem
1101 1583 1136 1641 ab
1146 1585 1303 1644 astantibus

215 1684 344 1744 dicendae
370 1705 435 1745 cum
461 1687 579 1763 psalmis
599 1684 850 1761 poenitentialibus,
874 1683 941 1742 dum
967 1684 1082 1759 ungitur
1095 1692 1225 1760 egrotus,
1245 1703 1304 1744 non

214 1783 346 1844 videntur
359 1785 470 1863 injungi
483 1787 536 1844 sub
550 1793 678 1863 peccato,
692 1793 720 1841 et
733 1781 794 1842 rard
817 1783 892 1860 apud
906 1801 959 1841 nos
973 1782 1114 1841 dicuntur.
1158 1782 1304 1844 Oaeterum
1357 1825 1360 1829 -

215 1882 284 1941 dum
297 1885 394 1962 plures
409 1883 527 1952 adstant,
541 1883 698 1943 curandum
712 1892 745 1941 ut
757 1901 804 1940 eas
818 1883 946 1950 recitent,
960 1882 1057 1960 lingua
1070 1882 1236 1949 vernacula;
1252 1901 1306 1942 nec

214 1984 291 2042 enim
306 1983 408 2043 Latino
421 2003 555 2043 sermone
570 2002 618 2041 eas
629 1983 746 2040 recitare
759 1976 861 2040 valent.
897 1981 968 2048 Quae
980 1980 1201 2059 proscribuntur
1213 1999 1306 2039 sacer·

215 2082 275 2141 doti
300 2082 449 2142 recitandae
475 2085 618 2142 orationes
646 2083 754 2158 integre
780 2079 961 2157 perficiendae
988 2089 1063 2148 sunt,
1084 2079 1140 2138 nisi
1161 2081 1308 2140 immineat

217 2200 314 2240 mors:
343 2201 400 2255 quo
426 2201 493 2242 casu
519 2183 616 2242 licebit
644 2199 751 2258 ungere
778 2181 872 2239 statim
905 2180 1122 2258 periclitantem,
1146 2188 1174 2238 et
1206 2198 1306 2258 preces

217 2280 352 2357 deinceps
365 2282 495 2350 recitare,
509 2292 593 2358 prout
606 2280 720 2338 Rituale
735 2288 842 2338 monet.

259 2385 306 2438 12.
329 2377 433 2440 Oleum
457 2381 633 2439 infirmorum
656 2380 685 2437 in
699 2381 821 2439 ecclesia
834 2378 941 2436 servari
955 2377 1049 2445 debet,
1070 2377 1145 2435 etad
1159 2379 1304 2436 infirmum

217 2477 330 2546 deferri,
352 2479 530 2557 praecedente
549 2479 667 2547 lumine,
688 2478 766 2552 quod
786 2479 862 2536 etin
883 2478 1016 2535 unctione
1036 2474 1227 2535 adhibendum
1241 2486 1305 2535 est:

217 2588 350 2636 caeterum
364 2578 440 2656 apud
460 2599 513 2638 nos
534 2579 723 2638 missionariis
744 2578 925 2654 permittitur,
948 2576 984 2635 ob
1004 2574 1213 2643 necessitatem,
1235 2575 1304 2635 illud

217 2678 291 2756 apud
314 2697 345 2736 se
366 2680 499 2748 retinere,
524 2688 552 2737 et
570 2678 681 2737 occulte
701 2676 811 2736 deferre
832 2676 867 2734 ad
888 2686 1044 2753 aegrotum3
1079 2673 1129 2732 sed
1150 2674 1305 2734 curandum

215 2779 331 2838 omnino
346 2788 398 2848 est,
412 2788 444 2836 ut
455 2779 520 2838 loco
535 2777 647 2836 decenti
669 2777 807 2836 habeatur
829 2777 859 2835 in
881 2795 948 2833 vase
970 2775 1069 2843 nitido,
1084 2783 1113 2832 et
1131 2785 1162 2833 ut
1174 2774 1307 2835 decenter

218 2875 366 2934 deleratur.
408 2876 522 2934 Lumen
541 2877 570 2935 in
589 2877 724 2935 unctione
737 2876 868 2934 facienda
880 2874 1070 2933 adhibendum
1084 2884 1137 2942 est,
1152 2874 1306 2948 etquidem

218 2993 256 3032 cx
269 2993 343 3043 cera,
358 2993 410 3052 pro
424 2993 502 3034 more
516 2975 673 3033 Ecclesiae:
696 2976 748 3035 sed
771 2976 797 3033 si
817 2977 878 3052 ejus
899 2975 982 3051 eopia
1004 2993 1060 3032 non
1081 2975 1128 3041 sit,
1143 2992 1200 3032 non
1215 2975 1307 3034 audeo

218 3073 352 3132 damnare
366 3073 539 3133 sacerdotem
554 3083 707 3153 ungentem
728 3085 875 3153 agrotum,
896 3073 960 3130 oleo
980 3073 1076 3130 lumen
1091 3073 1243 3148 praebente,
1259 3073 1305 3131 vel

218 3173 310 3232 since
324 3173 379 3232 hoc
393 3173 490 3232 haberi
503 3175 604 3250 possit,
619 3174 728 3247 absque
741 3175 849 3233 lumine
863 3175 893 3231 in
907 3172 1086 3230 necessitate.

261 3275 308 3331 13.
330 3272 576 3350 Novusglobulus
586 3275 736 3352 bombycis
751 3275 780 3332 in
794 3273 945 3350 cujuslibet
953 3289 1053 3328 sensus
1063 3267 1163 3356 organi
1173 3270 1307 3328 unctione

219 3369 394 3430 adhibendus
415 3383 468 3439 est,
489 3382 517 3431 et
539 3372 675 3450 deinceps
698 3372 918 3439 comburendus,
933 3380 961 3428 et
980 3370 1088 3427 cineres
1110 3369 1139 3426 in
1153 3371 1307 3428 sacrarium

218 3472 407 3549 projiciendi:
428 3471 505 3546 quod
519 3472 568 3530 vix
582 3491 598 3530 a
611 3473 797 3531 missionariis
811 3481 939 3529 accurate
953 3469 1060 3526 servari
1073 3476 1178 3545 potest.
1238 3487 1243 3494 ·

260 3575 306 3630 14.
328 3572 477 3632 Parochus
492 3581 603 3631 tenetur
615 3572 717 3630 ovibus
731 3573 790 3630 suis
811 3579 944 3648 praestare
962 3577 1119 3627 extremam
1134 3567 1307 3636 unctionem,

218 3671 302 3730 etiam
315 3691 379 3732 cnm
394 3672 561 3732 discrimine
571 3673 647 3740 vitae,
659 3673 684 3730 si
695 3672 750 3728 alio
759 3669 887 3729 subsidio
898 3668 999 3727 salutis
1009 3677 1150 3742 nequeant
1161 3666 1305 3746 adjuvari:
1370 3659 1371 3664 ἵ

219 3777 238 3805 “
248 3771 307 3842 Qui
329 3784 423 3831 autem
437 3783 517 3851 peste
538 3770 690 3839 affectus,''
712 3771 751 3828 ait
763 3769 894 3847 synodus
908 3770 1116 3828 Namurcensis
1130 3788 1204 3827 anno
1220 3771 1307 3835 1639,

221 3875 305 3926 “nou
319 3879 363 3927 eet
384 3871 545 3940 consessus,
559 3890 613 3930 nec
637 3880 731 3947 potest
751 3869 891 3938 confiteri,
907 3880 1003 3947 pastor
1021 3877 1150 3927 teneatur
1163 3868 1205 3925 illi
1218 3877 1309 3924 extre·

220 3983 296 4024 mam
309 3969 482 4038 unctionem,
497 3973 582 4030 etiam
597 3989 662 4029 oum
677 3969 806 4048 periculo
820 3969 883 4028 ritae
898 3960 1015 4027 dare.”³

323 4187 365 4251 (¹)
384 4183 455 4236 Dec·
467 4187 542 4238 mu
856 4188 899 4252 (a)
918 4185 945 4234 a
957 4183 1032 4249 Alph.
1044 4183 1060 4232 r.
1071 4181 1140 4231 ven.
1153 4181 1209 4230 rar.

624 4292 666 4357 (3)
691 4289 741 4340 Tit.
755 4290 805 4339 xiv.
818 4304 870 4353 cap.
883 4305 908 4338 x.
