3172 5172
250 531 307 632 ιιι
480 543 482 550 ‘
593 562 652 626 na
673 562 984 624 oonrmrrons.

248 752 324 803 esse,
338 744 367 792 et
380 731 505 809 Spiritus
526 731 624 788 Sancti
643 730 811 809 impulsum,
831 749 890 790 non
903 728 996 788 adhuc
1014 728 1129 802 quidem
1143 732 1336 804 inhabitantis,
1348 761 1350 766 ·

248 832 300 894 sed
313 840 420 892 tantum
434 829 587 897 moventis,
602 847 658 902 quo
679 832 819 906 poenitens
839 829 951 907 adjutus
971 829 1047 888 viam
1068 830 1123 890 sibi
1145 831 1181 890 ad
1196 833 1338 911 justitiam

246 940 335 1011 parat.
378 931 418 989 Et
430 929 560 1003 quamvis
574 929 636 987 sine
650 943 826 988 sacramento
846 929 1021 1006 poenitentiae
1035 947 1088 1005 per
1100 947 1132 988 se
1146 929 1181 988 ad
1196 932 1336 1008 justifica·

245 1033 362 1092 donem·
367 1027 522 1107 perducere
535 1036 712 1104 peecatorem
726 1037 856 1101 nequeat,
872 1034 1045 1086 tamencum
1059 1027 1094 1085 ad
1106 1028 1164 1088 Dei
1174 1031 1293 1108 gratiam
1306 1035 1336 1092 in

247 1138 424 1190 sacramento
437 1128 610 1206 penitentia
628 1125 834 1204 impetrandam
854 1119 1029 1202 disponit.”1
1068 1127 1214 1200 Equidem
1227 1149 1266 1190 ex
1278 1131 1337 1190 his·

246 1231 317 1290 toria
330 1227 444 1290 concilii
457 1234 568 1287 constat
579 1245 679 1286 vocem
693 1227 803 1305 sufficit
815 1226 936 1285 deletam
947 1243 1010 1284 esse
1023 1237 1136 1303 patrum
1146 1228 1335 1302 quorumdam

246 1338 357 1406 rogatu,
370 1336 399 1386 et
411 1326 477 1386 loco
490 1327 553 1404 ejus
573 1324 708 1404 disponit
729 1326 861 1402 positam,
876 1343 913 1384 ne
926 1326 1119 1384 conuoversia
1131 1325 1166 1386 de
1180 1329 1330 1388 attritionis

176 1459 180 1466 ·
245 1416 418 1486 sufficientia
430 1425 572 1503 dirempta
584 1442 720 1503 supremo
734 1424 846 1502 judicio
860 1424 1018 1482 videretur:
1041 1425 1093 1483 sed
1112 1427 1252 1485 sermonis
1265 1447 1333 1486 con·

246 1534 338 1584 textus
364 1523 488 1584 ostendit
507 1525 542 1584 de
565 1525 753 1602 dispositione
781 1524 913 1601 proxima
932 1524 988 1600 agi,
1015 1541 1078 1596 que
1103 1525 1133 1584 in
1158 1536 1336 1586 sacramento

245 1626 363 1703 gratiam
376 1625 517 1701 impetrat.
559 1623 646 1690 Quod
668 1632 761 1682 autem
781 1623 935 1682 concilium
947 1622 983 1681 de
997 1622 1170 1700 baptizando
1183 1625 1259 1684 dicat
1270 1645 1336 1686 eum

246 1723 341 1784 Deum
356 1732 500 1795 tamquam
514 1725 608 1784 omnis
617 1723 736 1799 justitiae
750 1723 858 1782 sontem
879 1722 997 1799 diligere
1018 1723 1156 1799 incipere,
1177 1741 1235 1782 non
1247 1725 1336 1784 officit

245 1822 395 1882 attritionis
408 1821 597 1892 sufficientia,
612 1823 673 1881 sive
687 1822 716 1880 in
729 1822 879 1898 baptismo,
901 1822 1004 1881 sivein
1018 1823 1193 1899 poenitentia,
1206 1842 1272 1882 nam
1286 1826 1334 1898 qui

246 1923 331 1984 etiam
345 1941 384 1984 ex
403 1921 541 2001 gehennae
561 1929 639 1982 metu
659 1930 807 1998 peccatum
829 1921 995 1990 detestatur,
1010 1930 1038 1980 et
1051 1921 1188 1998 peccandi
1201 1921 1334 1982 affectum

244 2020 374 2099 deponit,
387 2021 489 2098 incipit
501 2023 597 2082 Deum
611 2023 650 2080 ita
663 2020 791 2098 diligere,
805 2039 894 2093 quum
915 2020 950 2080 ad
970 2039 1035 2080 eum
1056 2032 1199 2095 tamqnam
1215 2022 1333 2098 justitiae

245 2128 389 2180 auctorem
403 2129 432 2178 et
444 2119 570 2180 datorem
582 2128 769 2180 eonvertatur.
790 2119 881 2180 Favet
891 2120 960 2178 huic
973 2121 1119 2178 sententiae
1133 2121 1165 2178 S.
1180 2119 1332 2178 Thomas:

246 2219 310 2278 “Si
324 2227 387 2278 ante
408 2219 613 2280 absolutionem
635 2219 738 2292 aliquis
761 2237 820 2278 non
842 2220 944 2278 luisset
963 2220 1087 2296 perfecte
1115 2220 1270 2298 dispositus
1297 2219 1332 2278 ad

244 2319 362 2396 gratiam
375 2319 598 2396 suscipiendam,
609 2321 638 2379 in
650 2319 713 2396 ipsa
722 2319 902 2379 confessione
913 2328 941 2376 et
950 2319 1128 2378 absolutione
1139 2319 1333 2379 sacramentali

243 2419 362 2496 gratiam
376 2429 607 2493 consequeretur,
622 2420 646 2478 si
660 2420 770 2478 obicem
784 2437 842 2478 non
852 2412 1021 2494 poneret.”²
1040 2417 1185 2492 Equidem
1199 2419 1334 2496 flagrante

245 2518 275 2578 in
288 2518 395 2577 scholis
409 2521 610 2588 controversia,
632 2521 719 2577 vetuit
737 2517 901 2577 Alexander
913 2518 982 2576 VII.
998 2517 1044 2576 die
1059 2523 1077 2576 5
1092 2518 1166 2595 Maji
1182 2522 1268 2586 1677,
1283 2517 1335 2576 sub

221 2645 224 2650 ·
242 2618 644 2693 excommunicationispoena
656 2617 726 2675 Sedi
740 2618 916 2693 Apostolicae
934 2626 1085 2685 reservata,
1100 2635 1136 2674 nc
1154 2617 1217 2689 quis
1231 2616 1333 2674 audeat

244 2715 366 2790 alicujus
380 2715 548 2792 theologicae
562 2733 699 2784 censure,
714 2716 865 2774 alteriusve
878 2717 989 2793 injurie
1008 2725 1057 2774 aut
1075 2714 1252 2774 contumelio
1266 2725 1334 2773 nota

244 2821 339 2874 taxare
353 2812 511 2874 alterutram
526 2815 706 2882 sententiam,
730 2816 789 2873 sive
809 2824 960 2892 negantem
980 2815 1179 2874 necessitatem
1199 2813 1330 2888 aliqualis

243 2911 404 2972 dilectionis
418 2911 476 2972 Dei
489 2913 519 2972 in
533 2913 672 2973 attritione
692 2932 730 2973 ex
749 2923 827 2973 metu
847 2915 986 2993 gehennae
1000 2923 1147 2992 concepta,
1169 2932 1231 2986 quae
1245 2901 1332 2972 hodie

243 3013 317 3072 iuter
334 3011 520 3072 scholasticos
540 3015 720 3073 communior
739 3013 858 3084 videtur,
879 3016 940 3073 sive
964 3022 1138 3074 asserentem
1153 3013 1234 3072 dictae
1247 3013 1333 3072 dilec-

243 3112 330 3172 tionis
348 3112 581 3196 necessitatem.''

280 3216 332 3270 23.
354 3211 400 3271 nd
413 3213 526 3289 praxim
539 3211 615 3286 quod
621 3212 734 3281 attinet,
749 3231 900 3272 censemus
913 3213 1022 3272 nemini
1035 3211 1230 3290 denegandam
1252 3211 1332 3270 abso·

243 3310 391 3378 lutionem,
417 3313 467 3383 qui
490 3312 598 3370 attritus
627 3320 687 3368 est:
708 3331 773 3372 nam
800 3314 904 3391 injuria
923 3312 951 3370 ei
976 3312 1197 3380 denotandum
1223 3320 1332 3370 certum

243 3408 355 3476 obicem
370 3411 647 3488 gratiae'sacramenti
667 3411 830 3488 objicienti:
851 3422 880 3470 et
898 3412 994 3471 tutiori
1014 3412 1159 3470 sententiae
1173 3410 1208 3468 de
1221 3411 1256 3470 iis
1270 3429 1332 3482 qnae

243 3519 374 3585 spectant
387 3509 422 3568 ad
436 3510 562 3571 valorem
575 3511 745 3570 sacramenti
769 3530 827 3570 non
847 3520 891 3569 est
913 3510 1109 3570 inherendum
1129 3529 1195 3568 cnm
1208 3509 1331 3586 proximi

243 3607 357 3683 injuria,
372 3609 418 3666 cui
432 3610 572 3668 sententia
584 3610 710 3668 maxime
724 3610 884 3685 probabalis
897 3619 935 3678 et,
952 3612 1037 3687 juxta
1057 3611 1218 3686 plerosque,
1241 3615 1328 3676 certa,

243 3704 327 3762 lavet.
369 3705 513 3780 Equidem
539 3708 578 3764 ita
605 3707 663 3765 scre
684 3721 792 3767 omnes·
817 3710 984 3768 confessarii
1004 3727 1087 3786 agere
1113 3719 1330 3769 consueverunt.

243 3804 377 3864 Attamen
396 3804 510 3863 Rituale
530 3805 694 3866 Romanum
724 3809 881 3884 praescribit
900 3809 1075 3868 confessario
1091 3818 1127 3866 ut
1146 3808 1333 3886 poenitentem

245 3913 264 3942 “
274 3904 310 3966 ad
323 3902 449 3964 dolorem
463 3913 491 3962 et
504 3905 702 3966 contritionem
722 3906 885 3966 efficacibus
905 3910 999 3980 verbis
1020 3907 1159 3966 adducere
1172 3917 1291 3966 conetur
1300 3905 1330 3964 :”

244 4015 418 4082 quapropter
430 4003 577 4082 diligentia
589 4005 669 4064 ineo
681 4005 864 4076 desideratur,
875 4009 918 4067 uti
932 4007 1045 4066 adnotat
1058 4007 1233 4067 Benedictus
1246 4007 1330 4065 XIV.

282 4109 332 4166 24.
354 4105 496 4166 Contritio
509 4113 647 4183 concepta
660 4125 696 4168 ex
709 4125 856 4185 pmnamm
877 4099 955 4166 metu
975 4107 1141 4185 intelligitur
1155 4128 1172 4166 a
1184 4107 1329 4166 nonnullis

241 4203 278 4264 de
291 4206 384 4282 poeuis
397 4206 599 4283 temporalibus
620 4214 704 4283 prout
724 4207 891 4284 infliguntur
911 4228 928 4266 a
950 4207 1025 4276 Deo,
1046 4209 1187 4270 scelerum
1200 4204 1330 4265 vindice:

241 4302 316 4362 sicut
335 4304 480 4366 Ninivitas
500 4307 641 4384 paenituit,
662 4308 739 4368 urbis
762 4310 939 4368 eversionem
960 4307 1055 4366 aDeo
1068 4308 1139 4368 irato
1152 4315 1330 4367 metuentes:

276 4523 319 4588 (1)
338 4521 403 4574 Sese.
413 4524 463 4575 xiv.
473 4541 526 4611 cop.
536 4527 569 4580 iv.
579 4527 609 4579 de
615 4530 775 4597 poenitentia.
856 4534 899 4599 (2)
913 4532 1001 4598 Suppl·
1010 4530 1044 4582 iii·
1055 4546 1080 4596 P·
1092 4545 1133 4595 qu·
1145 4527 1213 4580 ¹Vffi·
1224 4534 1267 4578 Μ’
1279 4528 1295 4598 it
