3108 5162
402 559 460 621 DE
479 556 799 624 IMPEDIMENTIS
820 557 1094 620 MATRIMONII.
1233 563 1292 620 330

203 727 381 786 remotioris:
402 727 505 786 horum
525 734 620 783 autem
633 725 687 783 tilii
701 721 766 782 verb
786 723 956 784 insecundo
977 733 1006 783 et
1025 734 1133 797 quarto.
1176 724 1293 801 Duplex

204 827 435 904 consanguinitas
448 821 608 883 necessario
622 821 809 900 exprimenda
819 831 862 879 est
874 822 943 881 dum
957 823 1132 900 dispensatio
1146 825 1261 900 petitur.

246 929 313 983 155.
335 923 597 1001 Consangainitatis
616 921 854 998 impedimentum
875 922 960 980 etiam
985 924 1111 999 spurios,
1132 939 1290 995 eorumque

204 1032 334 1107 posteros
349 1023 444 1090 afficit,
459 1039 546 1094 quum
561 1021 707 1098 sanguinis
722 1021 922 1078 communione
935 1021 1046 1078 nitatur.

247 1126 314 1180 156.
337 1131 356 1156 “
368 1122 426 1187 Qui
440 1119 563 1178 'scienter
574 1121 604 1177 in
618 1117 749 1195 gradibus
764 1119 1015 1195 consanguinitatis
1029 1128 1057 1177 et
1070 1117 1211 1177 affinitatis
1225 1137 1290 1176 con·

203 1220 347 1278 stitutione
360 1220 496 1277 canonica
513 1211 718 1284 interdictis,”¹
732 1217 911 1284 contrahunt,
925 1217 1213 1276 excommunicationi
1227 1219 1292 1294 ipso

204 1317 278 1376 facto
301 1319 456 1393 subjacent.
499 1315 561 1372 Eos
582 1317 689 1388 absque
702 1314 760 1373 ulla
774 1334 826 1392 spe
844 1316 1063 1392 disponsationis
1083 1315 1292 1390 consequenda

207 1414 383 1491 separandos
392 1415 474 1491 jubet
487 1415 641 1472 concilium
662 1413 872 1482 Tridentium,
887 1415 1041 1491 prasertim
1055 1415 1081 1472 si
1093 1431 1292 1473 consummare

206 1513 267 1571 ausi
280 1514 337 1571 sint
349 1513 570 1570 matrimonium.
612 1512 693 1570 Idem
714 1511 840 1570 decernit
852 1514 888 1571 de
902 1532 937 1572 ec
951 1514 999 1586 qui
1012 1514 1126 1571 omissis
1141 1512 1292 1572 denuncia-

206 1611 332 1670 tionibas
341 1612 520 1678 contraxerit,
535 1610 769 1686 impedimentum
780 1613 931 1688 ignorans:
955 1614 1010 1670 “si
1021 1610 1098 1679 verb,
1109 1613 1293 1672 solemnitati·

205 1711 258 1767 bns
282 1710 426 1776 adhibitis,
441 1709 674 1786 impedimentum
700 1710 813 1782 aliquod
834 1721 933 1788 postea
952 1713 1071 1770 subesse
1094 1719 1291 1788 cognoscatur,

204 1809 286 1885 cujus
308 1810 355 1867 ille
375 1808 548 1884 probabilem
569 1809 756 1888 ignorantiam
777 1810 885 1879 habuit,
907 1819 973 1868 tunc
993 1811 1104 1868 facilius
1124 1829 1190 1869 cum
1210 1828 1246 1867 eo
1265 1818 1293 1865 ct

203 1909 288 1983 gratis
302 1908 462 1983 dispensari
472 1903 626 1985 poterit.”²
666 1905 809 1966 Caeterum
820 1909 996 1986 induigentia
1009 1910 1178 1985 plerumque
1191 1925 1291 1968 conce·

203 2004 279 2063 ditur
289 2007 422 2065 omnibus
434 2008 529 2064 animo
540 2005 751 2082 poenitentibus,
763 2025 798 2065 ne
807 2009 905 2067 salutis
914 2026 1010 2066 curam
1021 2026 1138 2084 prorsus
1148 2008 1289 2084 abjiciant.

243 2109 310 2164 157.
333 2105 436 2162 Oausae
457 2105 586 2164 honestas
608 2105 791 2181 dispensandi
804 2119 869 2165 sant
883 2125 944 2178 qoae
958 2125 1024 2164 cum
1044 2104 1182 2166 dedecore
1195 2116 1292 2182 peten-

203 2203 273 2263 tium
288 2203 528 2280 dispensationem
540 2221 597 2262 non
608 2213 673 2261 sant
686 2206 858 2282 conjunctae.
898 2206 996 2264 Prima
1005 2215 1050 2264 est
1062 2203 1290 2284 angustiaioci,

204 2302 234 2359 in
249 2320 307 2374 quo
321 2302 369 2358 vix
382 2303 509 2361 inuenire
523 2311 566 2360 est
578 2303 670 2360 virum
684 2303 760 2379 paris
773 2304 942 2362 conditionis
956 2307 1002 2362 cui
1011 2305 1112 2362 mulier
1125 2305 1219 2371 nubat,
1234 2303 1290 2361 nisi

204 2400 466 2477 consanguineum:
495 2400 628 2460 Secunda
650 2410 693 2458 est
713 2399 792 2460 dotis
809 2401 950 2482 defectas,
964 2403 1000 2460 ob
1017 2421 1102 2476 quem
1116 2405 1164 2461 vix
1184 2402 1290 2460 nubere

204 2499 283 2556 alteri
296 2501 397 2575 possit.
439 2501 537 2558 Tertia
549 2509 594 2558 est
606 2499 718 2558 bonum
726 2500 825 2576 pacis,
839 2509 871 2556 nt
889 2499 1044 2557 inimicitiae
1065 2501 1138 2557 iuter
1157 2501 1289 2566 familias,

203 2599 250 2656 rel
271 2607 381 2674 gentes,
396 2600 617 2676 restinguantur.
659 2598 767 2663 Quarta
783 2606 946 2657 recensetur
958 2604 1031 2656 aetas
1039 2596 1157 2676 puellas,
1172 2616 1235 2671 quas
1249 2599 1289 2656 vi·

204 2698 346 2774 gesimam
361 2706 491 2771 quartum
513 2716 618 2759 annum
633 2697 768 2754 excessit.
811 2698 916 2763 Quinta
929 2706 973 2754 est
984 2697 1054 2757 nitae
1068 2696 1250 2774 pericnlum,
1265 2697 1291 2753 si

204 2796 299 2871 puella
312 2797 365 2856 viri
379 2796 512 2872 praesidio
526 2796 652 2872 indigeat
664 2794 699 2853 ad
714 2797 800 2854 vitam
814 2795 980 2854 servandam
998 2797 1033 2855 ab
1053 2796 1217 2854 hominibus
1231 2796 1290 2854 vio·

202 2893 286 2950 lentis
300 2892 348 2964 qui
362 2892 391 2948 in
404 2893 522 2967 regione
543 2899 698 2958 versantur,
713 2893 758 2949 vel
771 2893 795 2950 si
808 2893 869 2950 viro
883 2893 919 2949 ob
933 2891 1041 2951 crimen
1055 2889 1211 2950 admissum
1225 2893 1301 2950 vite'

205 2988 354 3048 immineat
373 2990 545 3064 periculum,
559 2988 636 3061 quod
656 2997 749 3046 tamen
769 2991 1006 3067 consanguineam
1027 2989 1141 3049 ducenti
1160 2991 1291 3048 cessabit.

205 3089 296 3146 Sexta
308 3096 353 3146 est
360 3087 532 3165 periculum
540 3086 746 3166 possessionis
759 3107 796 3146 ne
810 3090 920 3147 scilicet
933 3107 998 3146 cum
1011 3088 1144 3147 haeretico
1158 3088 1291 3146 nubendo

205 3207 222 3244 a
234 3186 291 3244 fide
305 3196 334 3244 et
354 3185 465 3262 pietatis
480 3188 622 3246 exercitiis
636 3187 824 3248 abstrahatur.
868 3187 941 3246 Haec
961 3188 1124 3260 aequissima
1137 3195 1181 3244 est
1193 3205 1288 3254 causa,

199 3285 297 3365 judice
311 3285 346 3343 P.
361 3285 498 3362 Philippo
512 3285 546 3344 de
561 3285 759 3356 Carboneano.
777 3299 779 3307 ’
801 3287 930 3363 Septima
943 3296 987 3344 est
1005 3285 1189 3345 conservatio
1203 3284 1292 3344 bono·

203 3402 272 3444 rans
286 3384 321 3443 in
334 3383 436 3442 eadem
445 3383 595 3465 familia:
616 3393 715 3442 octava
728 3395 772 3443 est
792 3385 977 3445 conservatio
987 3383 1122 3466 familias
1141 3382 1291 3442 illustris:

204 3503 280 3544 nona
300 3493 343 3542 est
364 3483 543 3543 meritorum
563 3481 757 3552 excelientia.-
778 3483 887 3542 decima
907 3493 959 3553 cst,
974 3485 1001 3542 si
1022 3483 1141 3543 oratrin
1151 3481 1234 3562 filiis
1255 3501 1291 3540 co

97 3597 99 3602 ’
203 3581 263 3643 aiio
284 3583 350 3642 viro
365 3583 534 3662 procreatis
547 3588 678 3661 granata
691 3583 738 3640 sit.
780 3584 1005 3656 Nonnumquam
1025 3583 1198 3659 dispensatio
1211 3580 1292 3640 datur

203 3700 241 3742 cs
251 3683 339 3742 certis
350 3690 378 3742 et
387 3682 589 3744 rationalibus
601 3680 712 3750 carisio,
725 3701 786 3754 quac
797 3692 901 3750 tamen,
909 3683 1116 3743 licetPontifici
1126 3684 1289 3759 proposita,

204 3783 233 3840 in
246 3783 355 3841 indulto
369 3801 426 3842 non
441 3791 633 3849 recensentur,
647 3781 726 3853 truod
739 3781 804 3839 sine
818 3800 909 3841 caasa
924 3781 988 3839 ideo
1002 3792 1125 3841 vocatur.

246 3885 312 3938 158.
335 3881 437 3940 Caussa
456 3880 642 3963 infamantes
665 3889 732 3939 sunt
749 3899 812 3953 quae
830 3899 895 3939 cum
910 3880 1047 3940 dedecore
1070 3881 1290 3956 conjunguntur.

206 3977 357 4053 Praecipua
365 3989 408 4037 est
421 3980 608 4048 scandalum,
618 3979 697 4053 quod
710 3979 821 4037 viciniae
835 3980 932 4038 datum
945 3987 990 4036 est
1004 3977 1192 4036 familiaritate
1202 3976 1293 4033 nimia

207 4093 271 4148 quse
284 4076 412 4135 criminis
426 4080 623 4157 suspicionem
633 4071 749 4156 injecta
763 4077 893 4150 veiqaod
902 4085 1031 4134 nascetur
1041 4077 1066 4133 si
1076 4090 1176 4150 reapse
1186 4075 1289 4142 coitus,

205 4173 357 4253 instigante
366 4177 603 4246 vesanaiibidine,
612 4195 670 4235 non
678 4175 875 4236 tamcnanimo
882 4175 995 4234 facilius
1004 4173 1292 4252 impetrandidispen·

447 4397 490 4460 (l)
510 4395 621 4448 (tierneo.
632 4412 654 4446 c.
664 4396 730 4448 unic·
742 4395 771 4447 ds
781 4394 1009 4462 consanguinitate.

444 4480 487 4546 (2)
506 4479 573 4530 Trio.
586 4479 663 4532 Oonc.
674 4482 740 4534 fleas.
751 4480 818 4532 xxiv.
829 4496 882 4546 esp.
892 4496 916 4528 v.
927 4479 957 4530 de
967 4479 1009 4530 ret
1020 4488 1076 4530 mat.
