<?xml version="1.0" encoding="UTF-8"?>
<!DOCTYPE html PUBLIC "-//W3C//DTD XHTML 1.0 Transitional//EN"
    "http://www.w3.org/TR/xhtml1/DTD/xhtml1-transitional.dtd">
<html xmlns="http://www.w3.org/1999/xhtml" xml:lang="en" lang="en">
 <head>
  <title>
</title>
<meta http-equiv="Content-Type" content="text/html;charset=utf-8" />
  <meta name='ocr-system' content='tesseract 3.04.00' />
  <meta name='ocr-capabilities' content='ocr_page ocr_carea ocr_par ocr_line ocrx_word'/>
</head>
<body>
  <div class='ocr_page' id='page_1' title='image "./theologiaemoral02kenrgoog_0048.png"; bbox 0 0 3124 5168; ppageno 0'>
   <div class='ocr_carea' id='block_1_1' title="bbox 612 547 946 612">
    <p class='ocr_par' dir='ltr' id='par_1_1' title="bbox 612 547 946 612">
     <span class='ocr_line' id='line_1_1' title="bbox 612 547 946 612; baseline -0.012 -2"><span class='ocrx_word' id='word_1_1' title='bbox 612 549 668 612; x_wconf 84' lang='lat' dir='ltr'>DE</span> <span class='ocrx_word' id='word_1_2' title='bbox 690 547 946 610; x_wconf 76' lang='lat' dir='ltr'><strong>ABLUTIONE.</strong></span> 
     </span>
    </p>
   </div>
   <div class='ocr_carea' id='block_1_2' title="bbox 676 1033 878 1140">
    <p class='ocr_par' dir='ltr' id='par_1_2' title="bbox 676 1033 878 1140">
     <span class='ocr_line' id='line_1_2' title="bbox 676 1033 878 1140; baseline -0.005 -2"><span class='ocrx_word' id='word_1_3' title='bbox 676 1033 818 1139; x_wconf 77' lang='lat' dir='ltr'>carun</span> <span class='ocrx_word' id='word_1_4' title='bbox 838 1078 878 1140; x_wconf 91' lang='lat'>11.</span> 
     </span>
    </p>
   </div>
   <div class='ocr_carea' id='block_1_3' title="bbox 655 1295 898 1338">
    <p class='ocr_par' dir='ltr' id='par_1_3' title="bbox 655 1295 898 1338">
     <span class='ocr_line' id='line_1_3' title="bbox 655 1295 898 1338; baseline -0.004 -2"><span class='ocrx_word' id='word_1_5' title='bbox 655 1295 695 1336; x_wconf 82' lang='lat' dir='ltr'>DE</span> <span class='ocrx_word' id='word_1_6' title='bbox 716 1295 898 1338; x_wconf 74' lang='lat' dir='ltr'><strong>ABLUTIONE.</strong></span> 
     </span>
    </p>
   </div>
   <div class='ocr_carea' id='block_1_4' title="bbox 195 1453 1376 4206">
    <p class='ocr_par' dir='ltr' id='par_1_4' title="bbox 195 1453 1376 4206">
     <span class='ocr_line' id='line_1_4' title="bbox 270 1453 1321 1532; baseline 0.001 -19"><span class='ocrx_word' id='word_1_7' title='bbox 270 1459 299 1512; x_wconf 82' lang='lat'>3.</span> <span class='ocrx_word' id='word_1_8' title='bbox 321 1455 503 1532; x_wconf 85' lang='lat' dir='ltr'>Baptismum</span> <span class='ocrx_word' id='word_1_9' title='bbox 522 1454 586 1513; x_wconf 85' lang='lat' dir='ltr'>fieri</span> <span class='ocrx_word' id='word_1_10' title='bbox 606 1473 692 1531; x_wconf 89' lang='lat' dir='ltr'>posse</span> <span class='ocrx_word' id='word_1_11' title='bbox 713 1457 890 1532; x_wconf 84' lang='lat' dir='ltr'>aspersione,</span> <span class='ocrx_word' id='word_1_12' title='bbox 904 1453 1057 1524; x_wconf 79' lang='lat' dir='ltr'>infusione,</span> <span class='ocrx_word' id='word_1_13' title='bbox 1078 1464 1106 1513; x_wconf 86' lang='lat' dir='ltr'>et</span> <span class='ocrx_word' id='word_1_14' title='bbox 1127 1456 1321 1524; x_wconf 78' lang='lat' dir='ltr'>immersione,</span> 
     </span>
     <span class='ocr_line' id='line_1_5' title="bbox 231 1551 1322 1632; baseline 0.001 -20"><span class='ocrx_word' id='word_1_15' title='bbox 231 1551 302 1612; x_wconf 69' lang='lat' dir='ltr'>aliis</span> <span class='ocrx_word' id='word_1_16' title='bbox 319 1555 520 1632; x_wconf 81' lang='lat' dir='ltr'>probavimus3</span> <span class='ocrx_word' id='word_1_17' title='bbox 542 1555 696 1614; x_wconf 88' lang='lat' dir='ltr'>ablutionis</span> <span class='ocrx_word' id='word_1_18' title='bbox 716 1556 795 1614; x_wconf 91' lang='lat' dir='ltr'>enim</span> <span class='ocrx_word' id='word_1_19' title='bbox 814 1557 902 1614; x_wconf 90' lang='lat' dir='ltr'>instar</span> <span class='ocrx_word' id='word_1_20' title='bbox 914 1565 959 1612; x_wconf 86' lang='lat' dir='ltr'>est</span> <span class='ocrx_word' id='word_1_21' title='bbox 978 1573 1034 1627; x_wconf 86' lang='lat' dir='ltr'>qua</span> <span class='ocrx_word' id='word_1_22' title='bbox 1053 1555 1141 1615; x_wconf 83' lang='lat' dir='ltr'>animi</span> <span class='ocrx_word' id='word_1_23' title='bbox 1159 1553 1322 1624; x_wconf 83' lang='lat' dir='ltr'>mundities,</span> 
     </span>
     <span class='ocr_line' id='line_1_6' title="bbox 232 1653 1321 1731; baseline 0 -19"><span class='ocrx_word' id='word_1_24' title='bbox 232 1672 297 1726; x_wconf 80' lang='lat' dir='ltr'>quae</span> <span class='ocrx_word' id='word_1_25' title='bbox 312 1653 465 1721; x_wconf 83' lang='lat' dir='ltr'>confertur,</span> <span class='ocrx_word' id='word_1_26' title='bbox 480 1653 666 1731; x_wconf 85' lang='lat' dir='ltr'>significatur.</span> <span class='ocrx_word' id='word_1_27' title='bbox 708 1654 795 1714; x_wconf 89' lang='lat' dir='ltr'>“Per</span> <span class='ocrx_word' id='word_1_28' title='bbox 812 1673 843 1713; x_wconf 80' lang='lat' dir='ltr'>se</span> <span class='ocrx_word' id='word_1_29' title='bbox 863 1654 991 1725; x_wconf 88' lang='lat' dir='ltr'>autem,”</span> <span class='ocrx_word' id='word_1_30' title='bbox 1012 1655 1105 1731; x_wconf 85' lang='lat' dir='ltr'>iuquit</span> <span class='ocrx_word' id='word_1_31' title='bbox 1124 1655 1156 1716; x_wconf 86' lang='lat' dir='ltr'>S.</span> <span class='ocrx_word' id='word_1_32' title='bbox 1180 1653 1321 1724; x_wconf 86' lang='lat' dir='ltr'>Thomas,</span> 
     </span>
     <span class='ocr_line' id='line_1_7' title="bbox 234 1753 1325 1834; baseline 0.002 -24"><span class='ocrx_word' id='word_1_33' title='bbox 234 1753 419 1826; x_wconf 88' lang='lat' dir='ltr'>“requiritur</span> <span class='ocrx_word' id='word_1_34' title='bbox 431 1753 465 1811; x_wconf 90' lang='lat' dir='ltr'>ad</span> <span class='ocrx_word' id='word_1_35' title='bbox 480 1753 652 1830; x_wconf 88' lang='lat' dir='ltr'>baptismum</span> <span class='ocrx_word' id='word_1_36' title='bbox 674 1753 829 1834; x_wconf 88' lang='lat' dir='ltr'>corporalis</span> <span class='ocrx_word' id='word_1_37' title='bbox 850 1755 956 1813; x_wconf 88' lang='lat' dir='ltr'>ablutio</span> <span class='ocrx_word' id='word_1_38' title='bbox 975 1773 1027 1834; x_wconf 90' lang='lat' dir='ltr'>per</span> <span class='ocrx_word' id='word_1_39' title='bbox 1041 1775 1154 1829; x_wconf 88' lang='lat' dir='ltr'>aquam.</span> <span class='ocrx_word' id='word_1_40' title='bbox 1196 1753 1283 1813; x_wconf 85' lang='lat' dir='ltr'>Unde</span> <span class='ocrx_word' id='word_1_41' title='bbox 1297 1763 1325 1812; x_wconf 89' lang='lat' dir='ltr'>et</span> 
     </span>
     <span class='ocr_line' id='line_1_8' title="bbox 231 1851 1376 1932; baseline -0.002 -22"><span class='ocrx_word' id='word_1_42' title='bbox 231 1851 391 1931; x_wconf 85' lang='lat' dir='ltr'>baptismus</span> <span class='ocrx_word' id='word_1_43' title='bbox 411 1853 554 1914; x_wconf 79' lang='lat' dir='ltr'>lavacrum</span> <span class='ocrx_word' id='word_1_44' title='bbox 576 1855 753 1913; x_wconf 88' lang='lat' dir='ltr'>nominatur:</span> <span class='ocrx_word' id='word_1_45' title='bbox 775 1853 933 1914; x_wconf 88' lang='lat' dir='ltr'>secundum</span> <span class='ocrx_word' id='word_1_46' title='bbox 954 1854 1024 1914; x_wconf 91' lang='lat' dir='ltr'>illud</span> <span class='ocrx_word' id='word_1_47' title='bbox 1044 1854 1157 1932; x_wconf 88' lang='lat' dir='ltr'>Ephes.</span> <span class='ocrx_word' id='word_1_48' title='bbox 1178 1853 1217 1910; x_wconf 89' lang='lat' dir='ltr'>V.</span> <span class='ocrx_word' id='word_1_49' title='bbox 1239 1853 1324 1912; x_wconf 88' lang='lat' dir='ltr'>Mun·</span> <span class='ocrx_word' id='word_1_50' title='bbox 1372 1901 1376 1908; x_wconf 88' lang='lat'><strong>.</strong></span> 
     </span>
     <span class='ocr_line' id='line_1_9' title="bbox 230 1949 1325 2027; baseline -0.002 -15"><span class='ocrx_word' id='word_1_51' title='bbox 230 1949 301 2012; x_wconf 86' lang='lat' dir='ltr'>dans</span> <span class='ocrx_word' id='word_1_52' title='bbox 325 1970 388 2010; x_wconf 90' lang='lat' dir='ltr'>eam</span> <span class='ocrx_word' id='word_1_53' title='bbox 411 1951 525 2012; x_wconf 84' lang='lat' dir='ltr'>lavacro</span> <span class='ocrx_word' id='word_1_54' title='bbox 548 1972 628 2027; x_wconf 81' lang='lat' dir='ltr'>aquoe</span> <span class='ocrx_word' id='word_1_55' title='bbox 648 1954 678 2014; x_wconf 92' lang='lat' dir='ltr'>in</span> <span class='ocrx_word' id='word_1_56' title='bbox 698 1955 785 2013; x_wconf 91' lang='lat' dir='ltr'>verbo</span> <span class='ocrx_word' id='word_1_57' title='bbox 808 1954 882 2012; x_wconf 73' lang='lat' dir='ltr'>vitae.</span> <span class='ocrx_word' id='word_1_58' title='bbox 925 1953 984 2012; x_wconf 86' lang='lat' dir='ltr'>Sed</span> <span class='ocrx_word' id='word_1_59' title='bbox 998 1953 1075 2027; x_wconf 91' lang='lat' dir='ltr'>quod</span> <span class='ocrx_word' id='word_1_60' title='bbox 1086 1954 1137 2012; x_wconf 87' lang='lat' dir='ltr'>fiat</span> <span class='ocrx_word' id='word_1_61' title='bbox 1149 1952 1256 2012; x_wconf 89' lang='lat' dir='ltr'>ablutio</span> <span class='ocrx_word' id='word_1_62' title='bbox 1269 1951 1325 2011; x_wconf 88' lang='lat' dir='ltr'>hoc</span> 
     </span>
     <span class='ocr_line' id='line_1_10' title="bbox 232 2049 1326 2131; baseline 0.003 -24"><span class='ocrx_word' id='word_1_63' title='bbox 232 2051 277 2110; x_wconf 90' lang='lat' dir='ltr'>vel</span> <span class='ocrx_word' id='word_1_64' title='bbox 289 2050 338 2109; x_wconf 91' lang='lat' dir='ltr'>illo</span> <span class='ocrx_word' id='word_1_65' title='bbox 351 2049 447 2120; x_wconf 88' lang='lat' dir='ltr'>modo,</span> <span class='ocrx_word' id='word_1_66' title='bbox 462 2051 566 2112; x_wconf 87' lang='lat' dir='ltr'>accidit</span> <span class='ocrx_word' id='word_1_67' title='bbox 578 2053 729 2131; x_wconf 86' lang='lat' dir='ltr'>baptismo.</span> <span class='ocrx_word' id='word_1_68' title='bbox 770 2053 812 2112; x_wconf 85' lang='lat' dir='ltr'>Et</span> <span class='ocrx_word' id='word_1_69' title='bbox 833 2052 899 2112; x_wconf 87' lang='lat' dir='ltr'>ideo</span> <span class='ocrx_word' id='word_1_70' title='bbox 919 2054 983 2114; x_wconf 81' lang='lat' dir='ltr'>talis</span> <span class='ocrx_word' id='word_1_71' title='bbox 1004 2051 1153 2114; x_wconf 83' lang='lat' dir='ltr'>diversitas</span> <span class='ocrx_word' id='word_1_72' title='bbox 1174 2071 1234 2112; x_wconf 90' lang='lat' dir='ltr'>non</span> <span class='ocrx_word' id='word_1_73' title='bbox 1252 2051 1326 2112; x_wconf 84' lang='lat' dir='ltr'>tollit</span> 
     </span>
     <span class='ocr_line' id='line_1_11' title="bbox 230 2137 1320 2232; baseline 0 -22"><span class='ocrx_word' id='word_1_74' title='bbox 230 2151 366 2210; x_wconf 88' lang='lat' dir='ltr'>unitatem</span> <span class='ocrx_word' id='word_1_75' title='bbox 379 2148 563 2228; x_wconf 86' lang='lat' dir='ltr'>baptismi.&#39;&#39;¹</span> <span class='ocrx_word' id='word_1_76' title='bbox 605 2153 679 2212; x_wconf 84' lang='lat' dir='ltr'>Sunt</span> <span class='ocrx_word' id='word_1_77' title='bbox 691 2153 742 2226; x_wconf 92' lang='lat' dir='ltr'>qui</span> <span class='ocrx_word' id='word_1_78' title='bbox 761 2137 862 2214; x_wconf 83' lang='lat' dir='ltr'>dicunt¹</span> <span class='ocrx_word' id='word_1_79' title='bbox 881 2153 1030 2214; x_wconf 88' lang='lat' dir='ltr'>minimam</span> <span class='ocrx_word' id='word_1_80' title='bbox 1042 2172 1123 2228; x_wconf 82' lang='lat' dir='ltr'>squae</span> <span class='ocrx_word' id='word_1_81' title='bbox 1137 2162 1246 2232; x_wconf 82' lang='lat' dir='ltr'>guttam</span> <span class='ocrx_word' id='word_1_82' title='bbox 1258 2171 1320 2212; x_wconf 88' lang='lat' dir='ltr'>cor·</span> 
     </span>
     <span class='ocr_line' id='line_1_12' title="bbox 231 2251 1324 2330; baseline 0.002 -23"><span class='ocrx_word' id='word_1_83' title='bbox 231 2268 287 2330; x_wconf 91' lang='lat' dir='ltr'>pus</span> <span class='ocrx_word' id='word_1_84' title='bbox 300 2259 464 2326; x_wconf 87' lang='lat' dir='ltr'>tangentem</span> <span class='ocrx_word' id='word_1_85' title='bbox 476 2253 618 2318; x_wconf 84' lang='lat' dir='ltr'>internam</span> <span class='ocrx_word' id='word_1_86' title='bbox 631 2252 806 2312; x_wconf 86' lang='lat' dir='ltr'>ablutionem</span> <span class='ocrx_word' id='word_1_87' title='bbox 825 2253 894 2311; x_wconf 86' lang='lat' dir='ltr'>satis</span> <span class='ocrx_word' id='word_1_88' title='bbox 914 2253 1061 2322; x_wconf 83' lang='lat' dir='ltr'>exhibere,</span> <span class='ocrx_word' id='word_1_89' title='bbox 1075 2263 1105 2312; x_wconf 84' lang='lat' dir='ltr'>et</span> <span class='ocrx_word' id='word_1_90' title='bbox 1117 2253 1250 2316; x_wconf 82' lang='lat' dir='ltr'>efficere:</span> <span class='ocrx_word' id='word_1_91' title='bbox 1272 2251 1324 2310; x_wconf 85' lang='lat' dir='ltr'>sed</span> 
     </span>
     <span class='ocr_line' id='line_1_13' title="bbox 195 2341 1355 2430; baseline 0.002 -24"><span class='ocrx_word' id='word_1_92' title='bbox 195 2341 197 2346; x_wconf 64' lang='grc'>’</span> <span class='ocrx_word' id='word_1_93' title='bbox 232 2348 364 2428; x_wconf 80' lang='lat' dir='ltr'>plerique</span> <span class='ocrx_word' id='word_1_94' title='bbox 377 2349 506 2427; x_wconf 86' lang='lat' dir='ltr'>exigunt,</span> <span class='ocrx_word' id='word_1_95' title='bbox 519 2357 551 2406; x_wconf 91' lang='lat' dir='ltr'>ut</span> <span class='ocrx_word' id='word_1_96' title='bbox 563 2367 636 2421; x_wconf 88' lang='lat' dir='ltr'>aqua</span> <span class='ocrx_word' id='word_1_97' title='bbox 648 2349 728 2406; x_wconf 86' lang='lat' dir='ltr'>fluat.</span> <span class='ocrx_word' id='word_1_98' title='bbox 770 2351 869 2408; x_wconf 91' lang='lat' dir='ltr'>Nemo</span> <span class='ocrx_word' id='word_1_99' title='bbox 889 2359 987 2408; x_wconf 88' lang='lat' dir='ltr'>censet</span> <span class='ocrx_word' id='word_1_100' title='bbox 1005 2360 1095 2413; x_wconf 88' lang='lat' dir='ltr'>totum</span> <span class='ocrx_word' id='word_1_101' title='bbox 1108 2371 1213 2428; x_wconf 89' lang='lat' dir='ltr'>corpus</span> <span class='ocrx_word' id='word_1_102' title='bbox 1227 2369 1325 2409; x_wconf 88' lang='lat' dir='ltr'>neces·</span> <span class='ocrx_word' id='word_1_103' title='bbox 1352 2427 1355 2430; x_wconf 21' lang='grc' dir='ltr'>Ι</span> 
     </span>
     <span class='ocr_line' id='line_1_14' title="bbox 233 2429 1326 2526; baseline 0.002 -20"><span class='ocrx_word' id='word_1_104' title='bbox 233 2445 309 2506; x_wconf 77' lang='lat' dir='ltr'>sarii</span> <span class='ocrx_word' id='word_1_105' title='bbox 324 2446 497 2506; x_wconf 90' lang='lat' dir='ltr'>abluendum</span> <span class='ocrx_word' id='word_1_106' title='bbox 511 2429 673 2515; x_wconf 38' lang='lat' dir='ltr'>esse3⁸non</span> <span class='ocrx_word' id='word_1_107' title='bbox 693 2446 771 2505; x_wconf 90' lang='lat' dir='ltr'>enim</span> <span class='ocrx_word' id='word_1_108' title='bbox 791 2447 920 2506; x_wconf 89' lang='lat' dir='ltr'>divinum</span> <span class='ocrx_word' id='word_1_109' title='bbox 940 2449 1064 2508; x_wconf 88' lang='lat' dir='ltr'>animam</span> <span class='ocrx_word' id='word_1_110' title='bbox 1084 2448 1241 2508; x_wconf 88' lang='lat' dir='ltr'>mundandi</span> <span class='ocrx_word' id='word_1_111' title='bbox 1254 2468 1326 2526; x_wconf 89' lang='lat' dir='ltr'>opus</span> 
     </span>
     <span class='ocr_line' id='line_1_15' title="bbox 234 2545 1326 2626; baseline -0.001 -19"><span class='ocrx_word' id='word_1_112' title='bbox 234 2567 272 2607; x_wconf 82' lang='lat' dir='ltr'>ex</span> <span class='ocrx_word' id='word_1_113' title='bbox 286 2565 406 2625; x_wconf 89' lang='lat' dir='ltr'>corpore</span> <span class='ocrx_word' id='word_1_114' title='bbox 418 2548 532 2626; x_wconf 90' lang='lat' dir='ltr'>penitus</span> <span class='ocrx_word' id='word_1_115' title='bbox 554 2547 649 2606; x_wconf 89' lang='lat' dir='ltr'>abluto</span> <span class='ocrx_word' id='word_1_116' title='bbox 668 2545 794 2626; x_wconf 88' lang='lat' dir='ltr'>pendere</span> <span class='ocrx_word' id='word_1_117' title='bbox 814 2547 991 2606; x_wconf 87' lang='lat' dir='ltr'>censendum</span> <span class='ocrx_word' id='word_1_118' title='bbox 1011 2559 1065 2616; x_wconf 87' lang='lat' dir='ltr'>est,</span> <span class='ocrx_word' id='word_1_119' title='bbox 1087 2549 1218 2624; x_wconf 85' lang='lat' dir='ltr'>quamvis</span> <span class='ocrx_word' id='word_1_120' title='bbox 1233 2548 1326 2621; x_wconf 86' lang='lat' dir='ltr'>aliqua</span> 
     </span>
     <span class='ocr_line' id='line_1_16' title="bbox 233 2645 1326 2734; baseline 0.001 -29"><span class='ocrx_word' id='word_1_121' title='bbox 233 2647 359 2724; x_wconf 89' lang='lat' dir='ltr'>corporis</span> <span class='ocrx_word' id='word_1_122' title='bbox 387 2645 493 2705; x_wconf 91' lang='lat' dir='ltr'>ablutio</span> <span class='ocrx_word' id='word_1_123' title='bbox 518 2647 658 2724; x_wconf 88' lang='lat' dir='ltr'>exigatur,</span> <span class='ocrx_word' id='word_1_124' title='bbox 673 2646 855 2734; x_wconf 84' lang='lat' dir='ltr'>significandi</span> <span class='ocrx_word' id='word_1_125' title='bbox 875 2647 992 2706; x_wconf 89' lang='lat' dir='ltr'>interius</span> <span class='ocrx_word' id='word_1_126' title='bbox 1013 2667 1085 2726; x_wconf 91' lang='lat' dir='ltr'>opus</span> <span class='ocrx_word' id='word_1_127' title='bbox 1111 2667 1207 2708; x_wconf 88' lang='lat' dir='ltr'>causa.</span> <span class='ocrx_word' id='word_1_128' title='bbox 1251 2647 1326 2707; x_wconf 86' lang='lat' dir='ltr'>“Ea</span> 
     </span>
     <span class='ocr_line' id='line_1_17' title="bbox 233 2744 1325 2824; baseline 0.004 -20"><span class='ocrx_word' id='word_1_129' title='bbox 233 2766 315 2822; x_wconf 80' lang='lat' dir='ltr'>aquae</span> <span class='ocrx_word' id='word_1_130' title='bbox 330 2747 413 2824; x_wconf 88' lang='lat' dir='ltr'>eopia</span> <span class='ocrx_word' id='word_1_131' title='bbox 427 2744 597 2816; x_wconf 89' lang='lat' dir='ltr'>adhibenda,</span> <span class='ocrx_word' id='word_1_132' title='bbox 619 2756 649 2805; x_wconf 91' lang='lat' dir='ltr'>ut</span> <span class='ocrx_word' id='word_1_133' title='bbox 662 2747 712 2820; x_wconf 90' lang='lat' dir='ltr'>qui</span> <span class='ocrx_word' id='word_1_134' title='bbox 726 2747 894 2823; x_wconf 85' lang='lat' dir='ltr'>baptizatur,</span> <span class='ocrx_word' id='word_1_135' title='bbox 915 2749 1016 2806; x_wconf 90' lang='lat' dir='ltr'>merito</span> <span class='ocrx_word' id='word_1_136' title='bbox 1029 2757 1057 2807; x_wconf 92' lang='lat' dir='ltr'>et</span> <span class='ocrx_word' id='word_1_137' title='bbox 1069 2748 1227 2809; x_wconf 87' lang='lat' dir='ltr'>secundum</span> <span class='ocrx_word' id='word_1_138' title='bbox 1247 2767 1325 2808; x_wconf 84' lang='lat' dir='ltr'>com·</span> 
     </span>
     <span class='ocr_line' id='line_1_18' title="bbox 234 2843 1324 2910; baseline 0.005 -5"><span class='ocrx_word' id='word_1_139' title='bbox 234 2864 349 2906; x_wconf 91' lang='lat' dir='ltr'>munem</span> <span class='ocrx_word' id='word_1_140' title='bbox 363 2846 513 2904; x_wconf 85' lang='lat' dir='ltr'>hominum</span> <span class='ocrx_word' id='word_1_141' title='bbox 528 2845 744 2906; x_wconf 81' lang='lat' dir='ltr'>aestimationem</span> <span class='ocrx_word' id='word_1_142' title='bbox 765 2856 916 2906; x_wconf 84' lang='lat' dir='ltr'>censeatur</span> <span class='ocrx_word' id='word_1_143' title='bbox 934 2843 1093 2906; x_wconf 80' lang='lat' dir='ltr'>ablutus.’&#39;²</span> <span class='ocrx_word' id='word_1_144' title='bbox 1132 2850 1176 2909; x_wconf 85' lang='lat' dir='ltr'>Ita</span> <span class='ocrx_word' id='word_1_145' title='bbox 1189 2849 1324 2910; x_wconf 79' lang='lat' dir='ltr'>Antoine.</span> 
     </span>
     <span class='ocr_line' id='line_1_19' title="bbox 235 2943 1325 3026; baseline 0.004 -24"><span class='ocrx_word' id='word_1_146' title='bbox 235 2943 345 3003; x_wconf 89' lang='lat' dir='ltr'>Omnes</span> <span class='ocrx_word' id='word_1_147' title='bbox 359 2963 425 3002; x_wconf 89' lang='lat' dir='ltr'>oum</span> <span class='ocrx_word' id='word_1_148' title='bbox 438 2943 477 3002; x_wconf 89' lang='lat' dir='ltr'>D.</span> <span class='ocrx_word' id='word_1_149' title='bbox 492 2945 608 3003; x_wconf 84' lang='lat' dir='ltr'>Thema</span> <span class='ocrx_word' id='word_1_150' title='bbox 626 2945 724 3004; x_wconf 83' lang='lat' dir='ltr'>dicunt</span> <span class='ocrx_word' id='word_1_151' title='bbox 737 2947 806 3004; x_wconf 84' lang='lat' dir='ltr'>salis</span> <span class='ocrx_word' id='word_1_152' title='bbox 821 2965 886 3004; x_wconf 81' lang='lat' dir='ltr'>esse</span> <span class='ocrx_word' id='word_1_153' title='bbox 901 2953 921 2980; x_wconf 88' lang='lat'>“</span> <span class='ocrx_word' id='word_1_154' title='bbox 930 2956 1016 3023; x_wconf 86' lang='lat' dir='ltr'>ceput</span> <span class='ocrx_word' id='word_1_155' title='bbox 1028 2947 1209 3026; x_wconf 87' lang='lat' dir='ltr'>perfundere,</span> <span class='ocrx_word' id='word_1_156' title='bbox 1223 2949 1253 3006; x_wconf 90' lang='lat' dir='ltr'>in</span> <span class='ocrx_word' id='word_1_157' title='bbox 1267 2966 1325 3022; x_wconf 91' lang='lat' dir='ltr'>quo</span> 
     </span>
     <span class='ocr_line' id='line_1_20' title="bbox 233 3032 1326 3122; baseline -0.003 -18"><span class='ocrx_word' id='word_1_158' title='bbox 233 3044 428 3104; x_wconf 84' lang='lat' dir='ltr'>manifestatur</span> <span class='ocrx_word' id='word_1_159' title='bbox 447 3035 621 3122; x_wconf 88' lang='lat' dir='ltr'>principium</span> <span class='ocrx_word' id='word_1_160' title='bbox 642 3032 772 3104; x_wconf 86' lang='lat' dir='ltr'>animalis</span> <span class='ocrx_word' id='word_1_161' title='bbox 793 3039 913 3103; x_wconf 82' lang='lat' dir='ltr'>vitae”³:</span> <span class='ocrx_word' id='word_1_162' title='bbox 935 3045 997 3112; x_wconf 62' lang='lat' dir='ltr'>imo,</span> <span class='ocrx_word' id='word_1_163' title='bbox 1007 3046 1136 3121; x_wconf 90' lang='lat' dir='ltr'>plerique</span> <span class='ocrx_word' id='word_1_164' title='bbox 1149 3049 1285 3114; x_wconf 85' lang='lat' dir='ltr'>sentiunt,</span> <span class='ocrx_word' id='word_1_165' title='bbox 1300 3047 1326 3110; x_wconf 83' lang='lat' dir='ltr'>si</span> 
     </span>
     <span class='ocr_line' id='line_1_21' title="bbox 234 3143 1325 3222; baseline 0.002 -20"><span class='ocrx_word' id='word_1_166' title='bbox 234 3143 354 3218; x_wconf 86' lang='lat' dir='ltr'>quodvis</span> <span class='ocrx_word' id='word_1_167' title='bbox 367 3146 528 3203; x_wconf 89' lang='lat' dir='ltr'>membrum</span> <span class='ocrx_word' id='word_1_168' title='bbox 550 3144 727 3222; x_wconf 77' lang='lat' dir='ltr'>praecipuum</span> <span class='ocrx_word' id='word_1_169' title='bbox 747 3163 782 3202; x_wconf 90' lang='lat' dir='ltr'>v:</span> <span class='ocrx_word' id='word_1_170' title='bbox 798 3163 834 3222; x_wconf 83' lang='lat' dir='ltr'>g:</span> <span class='ocrx_word' id='word_1_171' title='bbox 855 3151 967 3221; x_wconf 84' lang='lat' dir='ltr'>pectus,</span> <span class='ocrx_word' id='word_1_172' title='bbox 991 3143 1130 3213; x_wconf 87' lang='lat' dir='ltr'>abluatur,</span> <span class='ocrx_word' id='word_1_173' title='bbox 1151 3145 1325 3222; x_wconf 88' lang='lat' dir='ltr'>baptismum</span> 
     </span>
     <span class='ocr_line' id='line_1_22' title="bbox 233 3243 1325 3324; baseline 0.001 -22"><span class='ocrx_word' id='word_1_174' title='bbox 233 3243 350 3320; x_wconf 86' lang='lat' dir='ltr'>perfici:</span> <span class='ocrx_word' id='word_1_175' title='bbox 373 3252 392 3279; x_wconf 82' lang='lat'>‘⁴</span> <span class='ocrx_word' id='word_1_176' title='bbox 402 3245 469 3315; x_wconf 87' lang='lat' dir='ltr'>quia</span> <span class='ocrx_word' id='word_1_177' title='bbox 482 3253 577 3314; x_wconf 87' lang='lat' dir='ltr'>tamen</span> <span class='ocrx_word' id='word_1_178' title='bbox 591 3246 621 3302; x_wconf 90' lang='lat' dir='ltr'>in</span> <span class='ocrx_word' id='word_1_179' title='bbox 633 3244 712 3303; x_wconf 90' lang='lat' dir='ltr'>nulla</span> <span class='ocrx_word' id='word_1_180' title='bbox 724 3245 897 3303; x_wconf 85' lang='lat' dir='ltr'>exteriomm</span> <span class='ocrx_word' id='word_1_181' title='bbox 912 3244 1033 3321; x_wconf 87' lang='lat' dir='ltr'>partium</span> <span class='ocrx_word' id='word_1_182' title='bbox 1048 3245 1195 3324; x_wconf 81' lang='lat' dir='ltr'>integritas</span> <span class='ocrx_word' id='word_1_183' title='bbox 1209 3245 1273 3304; x_wconf 80' lang='lat' dir='ltr'>vitae</span> <span class='ocrx_word' id='word_1_184' title='bbox 1287 3245 1325 3305; x_wconf 88' lang='lat' dir='ltr'>ita</span> 
     </span>
     <span class='ocr_line' id='line_1_23' title="bbox 235 3343 1323 3423; baseline 0.005 -23"><span class='ocrx_word' id='word_1_185' title='bbox 235 3343 368 3402; x_wconf 89' lang='lat' dir='ltr'>consistit</span> <span class='ocrx_word' id='word_1_186' title='bbox 380 3343 454 3400; x_wconf 90' lang='lat' dir='ltr'>sicut</span> <span class='ocrx_word' id='word_1_187' title='bbox 474 3344 625 3421; x_wconf 87' lang='lat' dir='ltr'>incapite,</span> <span class='ocrx_word' id='word_1_188' title='bbox 646 3343 757 3402; x_wconf 86' lang='lat' dir='ltr'>videtur</span> <span class='ocrx_word' id='word_1_189' title='bbox 777 3343 947 3416; x_wconf 88' lang='lat' dir='ltr'>quibusdam</span> <span class='ocrx_word' id='word_1_190' title='bbox 967 3343 1043 3417; x_wconf 89' lang='lat' dir='ltr'>quod</span> <span class='ocrx_word' id='word_1_191' title='bbox 1065 3357 1181 3423; x_wconf 87' lang='lat' dir='ltr'>propter</span> <span class='ocrx_word' id='word_1_192' title='bbox 1195 3345 1323 3414; x_wconf 89' lang='lat' dir='ltr'>dubium,</span> 
     </span>
     <span class='ocr_line' id='line_1_24' title="bbox 233 3429 1323 3523; baseline 0.001 -22"><span class='ocrx_word' id='word_1_193' title='bbox 233 3461 411 3522; x_wconf 90' lang='lat' dir='ltr'>quacumque</span> <span class='ocrx_word' id='word_1_194' title='bbox 426 3441 481 3500; x_wconf 89' lang='lat' dir='ltr'>alia</span> <span class='ocrx_word' id='word_1_195' title='bbox 490 3455 568 3519; x_wconf 82' lang='lat' dir='ltr'>parte</span> <span class='ocrx_word' id='word_1_196' title='bbox 579 3443 706 3523; x_wconf 86' lang='lat' dir='ltr'>corporis</span> <span class='ocrx_word' id='word_1_197' title='bbox 718 3429 821 3509; x_wconf 89' lang='lat' dir='ltr'>abluta,</span> <span class='ocrx_word' id='word_1_198' title='bbox 829 3461 901 3518; x_wconf 92' lang='lat' dir='ltr'>puer</span> <span class='ocrx_word' id='word_1_199' title='bbox 910 3453 975 3522; x_wconf 91' lang='lat' dir='ltr'>post</span> <span class='ocrx_word' id='word_1_200' title='bbox 983 3444 1137 3520; x_wconf 83' lang='lat' dir='ltr'>perfectam</span> <span class='ocrx_word' id='word_1_201' title='bbox 1150 3445 1323 3510; x_wconf 84' lang='lat' dir='ltr'>nativitatem</span> 
     </span>
     <span class='ocr_line' id='line_1_25' title="bbox 234 3541 1324 3624; baseline 0.005 -25"><span class='ocrx_word' id='word_1_202' title='bbox 234 3543 270 3600; x_wconf 90' lang='lat' dir='ltr'>sit</span> <span class='ocrx_word' id='word_1_203' title='bbox 281 3541 473 3620; x_wconf 87' lang='lat' dir='ltr'>baptizandus</span> <span class='ocrx_word' id='word_1_204' title='bbox 494 3543 547 3603; x_wconf 87' lang='lat' dir='ltr'>sub</span> <span class='ocrx_word' id='word_1_205' title='bbox 567 3542 621 3602; x_wconf 89' lang='lat' dir='ltr'>hac</span> <span class='ocrx_word' id='word_1_206' title='bbox 644 3541 751 3604; x_wconf 85' lang='lat' dir='ltr'>forma:</span> <span class='ocrx_word' id='word_1_207' title='bbox 774 3542 826 3600; x_wconf 83' lang='lat' dir='ltr'>‘Si</span> <span class='ocrx_word' id='word_1_208' title='bbox 839 3561 898 3603; x_wconf 90' lang='lat' dir='ltr'>non</span> <span class='ocrx_word' id='word_1_209' title='bbox 912 3559 943 3604; x_wconf 86' lang='lat' dir='ltr'>es</span> <span class='ocrx_word' id='word_1_210' title='bbox 956 3543 1126 3622; x_wconf 83' lang='lat' dir='ltr'>baptizatus,</span> <span class='ocrx_word' id='word_1_211' title='bbox 1147 3562 1202 3624; x_wconf 86' lang='lat' dir='ltr'>ego</span> <span class='ocrx_word' id='word_1_212' title='bbox 1216 3553 1242 3604; x_wconf 87' lang='lat' dir='ltr'>te</span> <span class='ocrx_word' id='word_1_213' title='bbox 1256 3545 1324 3623; x_wconf 83' lang='lat' dir='ltr'>bap</span> 
     </span>
     <span class='ocr_line' id='line_1_26' title="bbox 233 3635 1325 3720; baseline 0.002 -19"><span class='ocrx_word' id='word_1_214' title='bbox 233 3641 310 3702; x_wconf 87' lang='lat' dir='ltr'>tizo.’</span> <span class='ocrx_word' id='word_1_215' title='bbox 320 3635 357 3669; x_wconf 86' lang='lat'>”⁴</span> <span class='ocrx_word' id='word_1_216' title='bbox 406 3642 526 3700; x_wconf 88' lang='lat' dir='ltr'>Ablutio</span> <span class='ocrx_word' id='word_1_217' title='bbox 551 3642 673 3701; x_wconf 86' lang='lat' dir='ltr'>crinium</span> <span class='ocrx_word' id='word_1_218' title='bbox 699 3641 784 3701; x_wconf 92' lang='lat' dir='ltr'>dubia</span> <span class='ocrx_word' id='word_1_219' title='bbox 809 3659 923 3720; x_wconf 86' lang='lat' dir='ltr'>quoquc</span> <span class='ocrx_word' id='word_1_220' title='bbox 950 3643 1077 3720; x_wconf 88' lang='lat' dir='ltr'>pluribus</span> <span class='ocrx_word' id='word_1_221' title='bbox 1102 3645 1240 3715; x_wconf 89' lang='lat' dir='ltr'>habetur;</span> <span class='ocrx_word' id='word_1_222' title='bbox 1273 3645 1325 3704; x_wconf 91' lang='lat' dir='ltr'>sed</span> 
     </span>
     <span class='ocr_line' id='line_1_27' title="bbox 233 3740 1324 3823; baseline 0.006 -25"><span class='ocrx_word' id='word_1_223' title='bbox 233 3742 433 3802; x_wconf 87' lang='lat' dir='ltr'>verosimiliter</span> <span class='ocrx_word' id='word_1_224' title='bbox 446 3740 530 3808; x_wconf 85' lang='lat' dir='ltr'>valet,</span> <span class='ocrx_word' id='word_1_225' title='bbox 545 3759 633 3818; x_wconf 90' lang='lat' dir='ltr'>quum</span> <span class='ocrx_word' id='word_1_226' title='bbox 646 3741 771 3800; x_wconf 90' lang='lat' dir='ltr'>naturale</span> <span class='ocrx_word' id='word_1_227' title='bbox 792 3742 850 3803; x_wconf 86' lang='lat' dir='ltr'>sim</span> <span class='ocrx_word' id='word_1_228' title='bbox 868 3741 968 3823; x_wconf 90' lang='lat' dir='ltr'>capitis</span> <span class='ocrx_word' id='word_1_229' title='bbox 989 3751 1202 3823; x_wconf 81' lang='lat' dir='ltr'>tegumentum:</span> <span class='ocrx_word' id='word_1_230' title='bbox 1224 3765 1324 3805; x_wconf 87' lang='lat' dir='ltr'>curau-</span> 
     </span>
     <span class='ocr_line' id='line_1_28' title="bbox 235 3839 1325 3918; baseline 0.003 -21"><span class='ocrx_word' id='word_1_231' title='bbox 235 3839 304 3902; x_wconf 91' lang='lat' dir='ltr'>dum</span> <span class='ocrx_word' id='word_1_232' title='bbox 318 3851 413 3906; x_wconf 82' lang='lat' dir='ltr'>tamen</span> <span class='ocrx_word' id='word_1_233' title='bbox 425 3841 545 3900; x_wconf 89' lang='lat' dir='ltr'>omnino</span> <span class='ocrx_word' id='word_1_234' title='bbox 562 3849 648 3900; x_wconf 86' lang='lat' dir='ltr'>estut</span> <span class='ocrx_word' id='word_1_235' title='bbox 660 3841 733 3900; x_wconf 86' lang='lat' dir='ltr'>eutis</span> <span class='ocrx_word' id='word_1_236' title='bbox 746 3841 809 3918; x_wconf 88' lang='lat' dir='ltr'>ipsa</span> <span class='ocrx_word' id='word_1_237' title='bbox 822 3841 966 3900; x_wconf 87' lang='lat' dir='ltr'>abluatur:</span> <span class='ocrx_word' id='word_1_238' title='bbox 988 3845 1013 3902; x_wconf 91' lang='lat' dir='ltr'>si</span> <span class='ocrx_word' id='word_1_239' title='bbox 1027 3845 1155 3905; x_wconf 89' lang='lat' dir='ltr'>abluatur</span> <span class='ocrx_word' id='word_1_240' title='bbox 1167 3844 1325 3908; x_wconf 84' lang='lat' dir='ltr'>secundina</span> 
     </span>
     <span class='ocr_line' id='line_1_29' title="bbox 236 3940 1325 4021; baseline 0.003 -26"><span class='ocrx_word' id='word_1_241' title='bbox 236 3957 340 4015; x_wconf 91' lang='lat' dir='ltr'>corpus</span> <span class='ocrx_word' id='word_1_242' title='bbox 354 3950 519 4018; x_wconf 86' lang='lat' dir='ltr'>contegens,</span> <span class='ocrx_word' id='word_1_243' title='bbox 533 3940 679 4018; x_wconf 88' lang='lat' dir='ltr'>probabile</span> <span class='ocrx_word' id='word_1_244' title='bbox 699 3950 743 3999; x_wconf 86' lang='lat' dir='ltr'>est</span> <span class='ocrx_word' id='word_1_245' title='bbox 755 3941 928 4019; x_wconf 89' lang='lat' dir='ltr'>baptismum</span> <span class='ocrx_word' id='word_1_246' title='bbox 943 3943 1048 4014; x_wconf 89' lang='lat' dir='ltr'>valere,</span> <span class='ocrx_word' id='word_1_247' title='bbox 1069 3963 1157 4021; x_wconf 91' lang='lat' dir='ltr'>quum</span> <span class='ocrx_word' id='word_1_248' title='bbox 1171 3953 1200 4000; x_wconf 89' lang='lat' dir='ltr'>et</span> <span class='ocrx_word' id='word_1_249' title='bbox 1212 3943 1274 4002; x_wconf 84' lang='lat' dir='ltr'>haec</span> <span class='ocrx_word' id='word_1_250' title='bbox 1287 3941 1325 3998; x_wconf 86' lang='lat' dir='ltr'>sit</span> 
     </span>
     <span class='ocr_line' id='line_1_30' title="bbox 235 4037 1325 4124; baseline -0.001 -29"><span class='ocrx_word' id='word_1_251' title='bbox 235 4037 362 4103; x_wconf 85' lang='lat' dir='ltr'>naturale</span> <span class='ocrx_word' id='word_1_252' title='bbox 375 4038 458 4098; x_wconf 86' lang='lat' dir='ltr'>foetus</span> <span class='ocrx_word' id='word_1_253' title='bbox 472 4047 684 4122; x_wconf 82' lang='lat' dir='ltr'>tegumentum:</span> <span class='ocrx_word' id='word_1_254' title='bbox 708 4040 760 4100; x_wconf 80' lang='lat' dir='ltr'>sed</span> <span class='ocrx_word' id='word_1_255' title='bbox 772 4050 894 4124; x_wconf 80' lang='lat' dir='ltr'>utroque</span> <span class='ocrx_word' id='word_1_256' title='bbox 907 4061 974 4104; x_wconf 82' lang='lat' dir='ltr'>casu</span> <span class='ocrx_word' id='word_1_257' title='bbox 988 4062 1034 4106; x_wconf 80' lang='lat' dir='ltr'>res</span> <span class='ocrx_word' id='word_1_258' title='bbox 1049 4042 1135 4105; x_wconf 87' lang='lat' dir='ltr'>dubia</span> <span class='ocrx_word' id='word_1_259' title='bbox 1148 4049 1201 4107; x_wconf 82' lang='lat' dir='ltr'>est,</span> <span class='ocrx_word' id='word_1_260' title='bbox 1217 4046 1245 4096; x_wconf 90' lang='lat' dir='ltr'>et</span> <span class='ocrx_word' id='word_1_261' title='bbox 1257 4038 1325 4116; x_wconf 88' lang='lat' dir='ltr'>bap·</span> 
     </span>
     <span class='ocr_line' id='line_1_31' title="bbox 235 4137 908 4206; baseline 0.012 -10"><span class='ocrx_word' id='word_1_262' title='bbox 235 4137 368 4198; x_wconf 87' lang='lat' dir='ltr'>tizandus</span> <span class='ocrx_word' id='word_1_263' title='bbox 383 4148 426 4197; x_wconf 89' lang='lat' dir='ltr'>est</span> <span class='ocrx_word' id='word_1_264' title='bbox 440 4140 539 4199; x_wconf 83' lang='lat' dir='ltr'>ilerum</span> <span class='ocrx_word' id='word_1_265' title='bbox 554 4140 647 4206; x_wconf 81' lang='lat' dir='ltr'>infans</span> <span class='ocrx_word' id='word_1_266' title='bbox 661 4141 714 4203; x_wconf 87' lang='lat' dir='ltr'>sub</span> <span class='ocrx_word' id='word_1_267' title='bbox 733 4141 908 4204; x_wconf 82' lang='lat' dir='ltr'>conditione.</span> 
     </span>
    </p>
   </div>
   <div class='ocr_carea' id='block_1_5' title="bbox 269 4353 1302 4670">
    <p class='ocr_par' dir='ltr' id='par_1_5' title="bbox 269 4347 1302 4598">
     <span class='ocr_line' id='line_1_32' title="bbox 269 4353 1302 4429; baseline 0.005 -24"><span class='ocrx_word' id='word_1_268' title='bbox 269 4359 311 4425; x_wconf 91' lang='lat'>(1)</span> <span class='ocrx_word' id='word_1_269' title='bbox 330 4359 364 4409; x_wconf 87' lang='lat' dir='ltr'>iii.</span> <span class='ocrx_word' id='word_1_270' title='bbox 375 4375 400 4424; x_wconf 90' lang='lat' dir='ltr'>p.</span> <span class='ocrx_word' id='word_1_271' title='bbox 411 4375 452 4423; x_wconf 89' lang='lat' dir='ltr'>qu.</span> <span class='ocrx_word' id='word_1_272' title='bbox 461 4361 520 4410; x_wconf 84' lang='lat' dir='ltr'>lxvl.</span> <span class='ocrx_word' id='word_1_273' title='bbox 531 4367 574 4411; x_wconf 82' lang='lat' dir='ltr'>ert</span> <span class='ocrx_word' id='word_1_274' title='bbox 586 4359 669 4411; x_wconf 76' lang='lat' dir='ltr'>cited</span> <span class='ocrx_word' id='word_1_275' title='bbox 684 4362 706 4408; x_wconf 84' lang='lat'>1.</span> <span class='ocrx_word' id='word_1_276' title='bbox 810 4362 853 4426; x_wconf 72' lang='lat' dir='ltr'>(z)</span> <span class='ocrx_word' id='word_1_277' title='bbox 877 4355 959 4406; x_wconf 66' lang='lat' dir='ltr'>licet.</span> <span class='ocrx_word' id='word_1_278' title='bbox 970 4353 1000 4404; x_wconf 84' lang='lat' dir='ltr'>dr</span> <span class='ocrx_word' id='word_1_279' title='bbox 1014 4353 1091 4419; x_wconf 76' lang='lat' dir='ltr'>sapt.</span> <span class='ocrx_word' id='word_1_280' title='bbox 1103 4369 1145 4422; x_wconf 82' lang='lat' dir='ltr'>qu.</span> <span class='ocrx_word' id='word_1_281' title='bbox 1155 4355 1180 4408; x_wconf 92' lang='lat' dir='ltr'>ii.</span> <span class='ocrx_word' id='word_1_282' title='bbox 1192 4355 1266 4429; x_wconf 94' lang='grc' dir='ltr'>Κεφ</span> <span class='ocrx_word' id='word_1_283' title='bbox 1278 4363 1302 4416; x_wconf 78' lang='grc'>3.</span> 
     </span>
     <span class='ocr_line' id='line_1_33' title="bbox 269 4444 1255 4511; baseline 0.002 -18"><span class='ocrx_word' id='word_1_284' title='bbox 269 4447 311 4511; x_wconf 86' lang='grc'>(3)</span> <span class='ocrx_word' id='word_1_285' title='bbox 331 4445 364 4495; x_wconf 88' lang='lat' dir='ltr'>iii.</span> <span class='ocrx_word' id='word_1_286' title='bbox 376 4461 400 4510; x_wconf 93' lang='lat' dir='ltr'>p.</span> <span class='ocrx_word' id='word_1_287' title='bbox 414 4462 455 4510; x_wconf 92' lang='lat' dir='ltr'>qu.</span> <span class='ocrx_word' id='word_1_288' title='bbox 468 4447 526 4497; x_wconf 81' lang='lat' dir='ltr'>lxvi.</span> <span class='ocrx_word' id='word_1_289' title='bbox 538 4444 802 4497; x_wconf 59' lang='lat' dir='ltr'>sreviimdtertiom.</span> <span class='ocrx_word' id='word_1_290' title='bbox 1251 4461 1255 4463; x_wconf 90' lang='lat'>·</span> 
     </span>
     <span class='ocr_line' id='line_1_34' title="bbox 270 4526 856 4598; baseline -0.003 -20"><span class='ocrx_word' id='word_1_291' title='bbox 270 4531 313 4598; x_wconf 82' lang='lat'>(4)</span> <span class='ocrx_word' id='word_1_292' title='bbox 332 4529 432 4590; x_wconf 84' lang='lat' dir='ltr'>Ibidem,</span> <span class='ocrx_word' id='word_1_293' title='bbox 443 4545 485 4597; x_wconf 87' lang='lat' dir='ltr'>qu.</span> <span class='ocrx_word' id='word_1_294' title='bbox 497 4531 572 4584; x_wconf 79' lang='lat' dir='ltr'>lxviii·</span> <span class='ocrx_word' id='word_1_295' title='bbox 583 4536 627 4583; x_wconf 74' lang='lat' dir='ltr'>ort</span> <span class='ocrx_word' id='word_1_296' title='bbox 638 4528 672 4582; x_wconf 84' lang='lat' dir='ltr'>xi·</span> <span class='ocrx_word' id='word_1_297' title='bbox 684 4526 720 4578; x_wconf 78' lang='lat' dir='ltr'>ud</span> <span class='ocrx_word' id='word_1_298' title='bbox 727 4531 856 4594; x_wconf 75' lang='lat' dir='ltr'>quartum</span> 
     </span>
    </p>

    <p class='ocr_par' dir='ltr' id='par_1_6' title="bbox 760 4610 805 4670">
     <span class='ocr_line' id='line_1_35' title="bbox 760 4610 805 4670; baseline 0 -25"><span class='ocrx_word' id='word_1_299' title='bbox 760 4610 805 4670; x_wconf 64' lang='lat'>4*</span> 
     </span>
    </p>
   </div>
   <div class='ocr_carea' id='block_1_6' title="bbox 0 0 1572 5168">
    <p class='ocr_par' dir='ltr' id='par_1_7' title="bbox 0 0 1572 5168">
     <span class='ocr_line' id='line_1_36' title="bbox 0 0 1572 5168; baseline 0 0"><span class='ocrx_word' id='word_1_300' title='bbox 0 0 1572 5168; x_wconf 95' lang='lat' dir='ltr'> </span> 
     </span>
    </p>
   </div>
  </div>
 </body>
</html>
