3108 5162
599 546 656 606 DE
678 546 894 607 DIVORTIO.
1030 599 1031 602 ,
1232 552 1290 606 325

247 721 315 776 120.
336 714 382 774 Ob
395 714 528 772 haeresim
542 715 572 772 in
585 732 669 787 quam
684 713 792 790 conjux
810 713 908 791 lapsus
922 713 1015 782 fuerit,
1030 716 1138 787 absque
1153 713 1293 773 Ecclesiae

201 816 312 897 judicio
325 833 383 874 non
397 824 440 872 est
453 811 604 873 divortium
620 813 782 872 laciendum
793 811 817 881 ;¹
837 814 888 872 sed
908 822 953 871 est
971 815 1049 892 justa
1070 813 1182 871 divortii
1197 833 1291 882 causa,

205 916 361 994 presertim
375 915 400 972 si
414 913 481 971 fidei
494 911 654 972 amittendae
667 922 696 971 et
708 913 795 988 prolis
810 914 1001 989 perversionis
1015 914 1106 972 subsit
1119 913 1290 989 periculum.

208 1025 228 1053 ‘⁶
237 1016 345 1076 Mulier
357 1031 410 1091 pro
419 1011 503 1081 furto,
514 1013 560 1070 vel
573 1012 629 1070 alio
643 1013 762 1071 crimine
773 1013 827 1070 viri
840 1013 885 1072 sui
896 1011 965 1093 (nisi
975 1014 1042 1072 fidei
1056 1015 1292 1092 s‘uaereligionem

206 1131 387 1190 corrumpere
413 1108 493 1190 velit)
520 1113 555 1170 ab
582 1131 617 1170 eu
643 1113 768 1188 separari
794 1131 852 1171 non
878 1109 1010 1170 debet.”²
1048 1114 1294 1186 Quandocumque

204 1217 313 1274 crimen
326 1213 459 1290 conjugis
480 1211 588 1287 peccati
607 1212 806 1269 necessitatem
819 1212 877 1270 fere
891 1211 984 1280 insert,
999 1213 1153 1271 divortium
1167 1231 1295 1286 quaeren·

207 1315 275 1374 dum
289 1321 342 1371 est.
384 1311 507 1387 Insuper
518 1312 543 1368 si
556 1310 712 1378 infamiam,
722 1321 887 1387 egestatem,
896 1311 941 1368 vel
954 1311 1018 1369 vitae
1032 1312 1188 1389 periculum
1199 1311 1298 1370 afferat

206 1413 338 1490 conjugis
352 1410 471 1476 crimen,
486 1409 587 1487 poterit
600 1410 714 1467 arbitrio
728 1411 913 1468 ecclesiastici
923 1410 1029 1487 judicis
1044 1411 1106 1470 tieri
1129 1411 1294 1470 divortium.

209 1512 259 1570 Sic
274 1519 395 1568 monetae
408 1507 513 1567 falsarii
521 1526 626 1568 uxores
636 1509 665 1567 in
679 1510 788 1585 peccati
797 1519 825 1567 et
838 1510 900 1568 vitae
916 1511 1071 1586 periculum
1085 1502 1228 1587 injiciunt,
1240 1511 1298 1570 ide-

208 1629 283 1684 oque
297 1611 332 1668 ab
345 1610 380 1667 iis
393 1607 544 1685 separandi
554 1619 629 1667 sunt.
672 1607 817 1668 Caeterum
838 1608 989 1668 divortium
1010 1609 1224 1670 concedendum
1239 1630 1299 1670 uon

210 1720 255 1768 est
267 1709 304 1768 ob
316 1708 435 1766 crimina
449 1709 534 1766 etiam
554 1708 681 1775 infamia,
695 1716 724 1766 et
743 1727 863 1781 quorum
877 1709 906 1766 in
921 1707 1030 1786 judicio
1046 1711 1177 1786 probatus
1200 1720 1244 1768 est
1257 1711 1300 1768 vir

212 1827 289 1877 reus,
311 1809 336 1865 si
356 1815 467 1866 constet
486 1825 551 1866 eum
570 1826 639 1866 suos
660 1807 828 1866 emendasse
848 1825 961 1866 morer:
983 1827 1049 1868 nam
1071 1817 1146 1866 tanta
1165 1819 1209 1868 est
1228 1810 1300 1868 inter

192 1909 348 1984 ,conjuges
369 1906 558 1974 necessitudo,
572 1917 601 1965 ct
620 1909 808 1967 communitas
829 1908 859 1965 in
879 1908 963 1966 rebus
984 1907 1121 1975 adversis,
1132 1908 1216 1965 etiam
1238 1928 1300 1981 quae

210 2008 295 2083 culpa
314 2007 503 2084 contigerunt,
521 2015 553 2064 ut
571 2007 745 2083 probabilius
766 2007 885 2066 doceant
905 2007 1040 2084 theologi,
1055 2025 1175 2070 uxorem
1197 2007 1301 2066 debere

209 2109 271 2166 viro
285 2106 448 2165 inexilium
463 2106 577 2164 abeunti
590 2102 744 2166 comitari.⁸
1286 2123 1288 2128 ·

235 2271 236 2274 Ἴ
254 2209 320 2264 121.
343 2206 460 2264 Saevitia
479 2207 572 2264 mariti
592 2214 635 2262 est
653 2207 732 2284 justa
746 2225 831 2264 causa
851 2206 984 2274 divortii3
1005 2225 1058 2265 nec
1078 2206 1191 2282 cogitur
1209 2206 1302 2265 redire

212 2323 294 2372 uxor,
308 2305 365 2363 nisi
380 2313 522 2381 “recepta
534 2304 686 2363 sufficienti
699 2306 840 2372 cautione,
856 2305 932 2378 quod
947 2307 988 2363 illi
1002 2325 1060 2364 non
1074 2305 1174 2364 debeat
1188 2305 1302 2378 aliquod

215 2403 322 2462 malum
345 2398 498 2462 inferre.”⁴
538 2404 726 2486 Ubicumque¹
746 2422 783 2460 ex
808 2403 886 2472 odio,
911 2404 1063 2476 furoreque
1086 2405 1217 2462 imminet
1238 2406 1303 2462 vitae

213 2501 381 2579 periculum,
408 2503 558 2562 divortium
578 2504 676 2576 utique
700 2503 776 2569 licet,
800 2503 967 2576 etquidem
989 2503 1104 2580 propria
1128 2503 1302 2571 auctoritate,

216 2611 353 2674 quatenus
364 2602 459 2662 'statim
468 2603 522 2660 sibi
530 2603 737 2662 consulendum
748 2603 801 2670 sit,
817 2589 868 2660 sed
879 2603 951 2660 etob
959 2604 1074 2661 verbera
1083 2603 1304 2669 vehementiora,

215 2711 244 2759 ct
268 2701 468 2774 frequentiora,
495 2703 541 2762 vel
565 2702 669 2762 malam
696 2702 984 2775 tractationemque
1010 2720 1124 2778 gravem
1150 2701 1304 2760 admodum

216 2802 302 2861 vitam
316 2801 392 2870 facit,
407 2821 444 2861 ex
457 2803 643 2864 ecelesiastici
652 2801 758 2880 judicis
773 2802 935 2860 auctoritate
949 2801 1114 2860 conceditur
1127 2801 1162 2858 ad
1178 2809 1302 2879 tempus.

215 2901 262 2959 Ob
270 2901 367 2977 jurgia
378 2902 523 2974 rixasque,
538 2902 643 2974 absque
656 2902 734 2978 gravi
748 2901 885 2978 periculo,
900 2903 950 2960 vix
963 2901 1113 2979 separandi
1127 2911 1202 2960 sunt.
1244 2902 1306 2960 Ali·

217 2998 331 3072 quando
345 3008 440 3058 tamen
462 3001 600 3076 conjuges
620 2999 692 3059 adeo
705 3020 737 3058 se
757 3001 879 3060 invicem
901 3001 1097 3060 abominantur
1115 3011 1147 3060 ut
1166 3010 1308 3073 nequeant

155 3161 160 3169 ,
218 3098 393 3158 consortium
404 3099 540 3157 tolerare:
556 3110 726 3177 quapropter
738 3111 837 3160 mutuo
851 3118 992 3160 consensu
1013 3109 1188 3177 separantur,
1199 3098 1307 3176 judicis

144 3257 145 3260 ,
220 3197 333 3256 arbitrio
347 3197 507 3257 accedente.

262 3300 329 3354 122.
351 3295 397 3354 Ob
416 3298 547 3356 morbum
567 3299 775 3375 contagiosum,
789 3318 823 3356 v:
843 3318 880 3377 g:
902 3299 1021 3375 lepram,
1036 3298 1201 3356 conceditur
1214 3295 1307 3356 divor·
1380 3313 1383 3319 ⁴

219 3396 290 3454 tium
307 3396 500 3464 habitationis,
516 3398 645 3468 quamvis
659 3399 706 3456 ubi
718 3397 798 3456 reddi
817 3407 909 3474 potest
922 3397 1057 3466 debitum,
1072 3399 1177 3470 absque
1192 3398 1248 3464 sui,
1264 3398 1309 3455 vel

219 3494 307 3573 prolis
340 3495 477 3572 periculo,
503 3493 679 3555 reddendum
705 3498 750 3556 sit.
799 3498 863 3556 Nec
886 3495 1075 3555 deserendum
1100 3506 1143 3554 est
1175 3498 1308 3575 conjugis

219 3594 405 3663 domicilium,
420 3595 445 3652 ri
470 3594 595 3672 indigeat
614 3615 701 3673 opera
725 3597 849 3666 alterius,
865 3615 927 3670 quaa
951 3597 1077 3673 prestari
1098 3608 1181 3670 queat
1201 3599 1309 3670 absque

222 3695 372 3754 manifesta
385 3696 529 3773 pernicie:
544 3696 652 3773 quippe
667 3696 767 3755 caritas
781 3714 837 3770 qua
849 3716 881 3754 se
894 3697 1016 3754 invicem
1030 3696 1135 3756 debent
1146 3697 1308 3774 complecti,

219 3795 308 3872 exigit
332 3803 363 3852 ut
385 3795 576 3854 necessariam
597 3814 713 3873 operam
740 3815 797 3854 non
823 3797 996 3854 subtrahant.
1040 3797 1098 3864 Qui
1119 3798 1166 3855 lue
1186 3815 1309 3880 venerea

221 3892 337 3962 laborat,
356 3892 469 3954 divortii
489 3896 687 3972 gravissimam
711 3896 818 3974 prebet
837 3914 961 3962 causam,
975 3895 1043 3954 licet
1062 3905 1126 3954 aute
1145 3896 1311 3973 conjugium

222 3999 362 4048 contracta
375 3993 428 4050 sit:
443 3995 576 4071 injuriam
590 3997 696 4073 quippe
716 3996 872 4054 maximam
886 3994 969 4052 uxori
990 3994 1091 4052 intulit.
1134 3993 1191 4059 Qui
1213 4011 1311 4051 amens

222 4099 266 4146 est
278 4097 307 4146 et
318 4089 452 4160 furiosus,
467 4102 562 4169 potest
580 4095 704 4172 separari
717 4115 734 4152 a
754 4094 886 4171 conjuge,
901 4102 1041 4166 quatenus
1062 4109 1135 4168 opus
1148 4093 1185 4148 sit
1203 4101 1234 4151 ut
1247 4091 1313 4150 alte-

222 4189 293 4248 rutri
314 4190 494 4248 consulatur:
516 4191 616 4252 sedin
638 4194 771 4252 omnibus
792 4195 892 4250 caritas
920 4191 1048 4268 conjugii
1067 4192 1192 4250 eminere
1218 4192 1311 4261 debet,

222 4287 292 4348 adeo
306 4297 337 4346 ut
349 4288 500 4348 divortium
514 4310 570 4350 non
586 4303 725 4366 quaeratur
738 4293 793 4350 nisi
807 4293 843 4349 ob
857 4309 972 4368 gravem
987 4289 1195 4349 necessitatem.

328 4447 371 4514 (1)
392 4447 507 4499 casas
524 4448 643 4502 usuratu.
793 4409 796 4414 ’
828 4453 870 4516 (a)
892 4448 1082 4514 caenatum
1095 4448 1133 4500 aa.

326 4533 368 4599 (3)
388 4533 415 4581 S.
427 4533 502 4598 Alpb.
514 4535 530 4583 l.
541 4535 574 4586 iii
585 4551 611 4586 n.
622 4539 673 4586 333
829 4533 871 4602 (4)
888 4534 954 4604 ¹Gap.
966 4536 1015 4584 viii.
1027 4535 1056 4588 de
1069 4535 1136 4588 nect.
1148 4535 1215 4606 Spol.

264 4612 339 4671 Vos.
354 4611 492 4672 tlt-sa
