3108 5162
389 571 446 632 DE
466 570 786 633 IMPEDIMENTIS
807 570 1080 631 MATRIMONII.
1220 578 1278 632 343

186 736 237 794 ubi
249 737 284 795 de
297 737 362 813 ipso
376 739 518 810 queritur,
538 739 623 814 plena
642 738 726 796 debet
745 737 893 796 securitate
913 737 960 796 ille
979 735 1111 813 gaudere,
1132 739 1213 815 eujus
1233 747 1276 796 est

192 836 303 894 animus
317 837 505 913 indagandus,
527 855 562 895 ue
587 857 637 914 per
657 838 786 894 timorem
800 835 874 894 dicat
885 837 941 894 sibi
955 836 1064 911 plaeere
1077 836 1155 908 quod
1169 837 1237 905 odit,
1252 846 1279 894 et

192 942 325 1004 sequatur
337 937 430 993 exitus
454 937 505 1009 qui
527 936 562 993 de
577 937 672 994 invitis
687 935 760 992 solet
773 934 880 1011 nuptiis
895 936 1045 1011 provenire
1055 931 1102 991 :'’¹
1124 935 1279 1007 etquidem

192 1031 366 1103 aequissime,
381 1051 469 1104 quum
484 1044 621 1108 perpetuo
636 1032 749 1091 vinculo
762 1033 844 1108 ligari
857 1051 915 1090 non
929 1041 1067 1108 oporteat,
1082 1034 1132 1105 qui
1146 1051 1204 1091 suae
1218 1034 1278 1092 vol·

190 1129 292 1187 untatis
307 1131 419 1188 arbitrio
433 1132 520 1188 libere
534 1132 575 1187 uti
588 1130 756 1202 nequiverit.
778 1129 868 1206 Igitur
881 1131 979 1186 mortis
995 1131 1041 1187 vel
1051 1131 1189 1188 cruciatus
1203 1133 1277 1208 peri-

190 1227 296 1294 culum,
324 1247 437 1286 carcere
463 1228 598 1293 detentio,
630 1227 759 1294 exilium,
787 1235 876 1284 status
907 1227 1034 1294 amissio,
1063 1227 1107 1285 vel
1139 1229 1278 1289 bonorum

190 1328 331 1394 omniurn,
355 1327 492 1402 probrum
513 1325 660 1403 publicum
680 1343 747 1382 cum
767 1324 850 1383 lame
866 1326 987 1402 jactura,
1009 1334 1149 1402 stuprum,
1169 1328 1294 1401 aliaque

191 1425 289 1500 gravia
314 1424 388 1482 mala
408 1427 543 1482 intentata
562 1425 663 1482 tollunt
688 1424 855 1481 libertatem.
899 1422 937 1480 Vi
963 1424 1169 1500 aequiparentur
1195 1428 1280 1484 minae

193 1523 417 1595 vexationesque
438 1540 500 1595 qum
521 1541 635 1599 gravem
656 1522 795 1580 incutiunt
815 1523 956 1588 timorem,
978 1541 1029 1580 seu
1053 1522 1208 1598 plerisque,
1229 1544 1280 1582 seu

193 1619 370 1678 contrahenti
383 1640 390 1677 :
406 1622 463 1680 imo
473 1631 502 1678 et
514 1639 613 1697 preces
628 1622 797 1697 importuuae
811 1621 846 1678 ab
859 1639 893 1678 eo
907 1629 1044 1695 porrectae
1056 1621 1104 1693 qui
1117 1623 1280 1681 auctoritate

194 1718 291 1792 pollet,
307 1737 520 1792 nonnumquam
542 1720 644 1777 tollunt
657 1737 719 1776 eam
734 1737 796 1790 quae
810 1719 944 1795 conjugio
957 1720 1119 1777 necessaria
1132 1729 1175 1777 est
1195 1723 1281 1782 animi

193 1814 367 1874 libertatem:
391 1817 504 1890 quando
526 1819 636 1876 seilicet
654 1836 719 1874 cum
740 1817 953 1894 indignationis,
975 1817 1124 1894 ejectionis
1147 1837 1162 1875 e
1183 1818 1280 1890 domo,

194 1913 442 1984 exheredationis,
464 1917 510 1974 vel
531 1917 644 1974 alterius
659 1917 752 1992 gravis
767 1915 863 1974 damni
877 1915 1004 1991 periculo
1017 1916 1174 1992 coujunctae
1189 1915 1282 1975 sunt.²

194 2011 327 2070 Attamen
343 2033 430 2086 quum
453 2023 472 2050 ‘⁶
484 2015 556 2071 inter
577 2017 633 2072 vim
658 2022 686 2070 et
706 2015 763 2072 vim
784 2016 820 2072 sit
833 2013 1024 2082 differentia,'’
1039 2032 1095 2071 non
1110 2016 1202 2072 statim
1217 2034 1281 2091 pro·

194 2111 381 2170 nuntiandum
394 2121 438 2170 est
451 2114 618 2189 conjugium
634 2113 743 2171 irritum
757 2112 833 2184 quod
848 2111 977 2184 quaedam
991 2113 1034 2170 vis
1049 2111 1133 2169 luerit
1146 2112 1280 2182 adhibita,

194 2208 244 2266 sed
257 2211 351 2281 qualis
366 2211 450 2269 luerit
464 2214 493 2269 in
507 2229 548 2278 se,
571 2222 599 2270 et
612 2212 705 2284 quoad
722 2213 779 2268 vim
793 2229 921 2287 passum,
936 2209 1171 2269 considerandum
1186 2222 1239 2279 est,
1254 2223 1283 2269 et

194 2315 288 2363 utrum
302 2327 459 2367 consensus
472 2309 560 2367 libere
574 2309 710 2385 deinceps
724 2301 939 2366 intercesserit.3
978 2309 1060 2366 Juste
1074 2309 1152 2366 illata
1166 2311 1208 2366 vis
1223 2329 1281 2368 non

195 2404 287 2462 obstat
300 2407 469 2466 matrimonii
484 2409 582 2476 valeri,
594 2427 660 2465 narn
674 2425 794 2466 censura
806 2406 999 2463 ecelesiastica
1009 2406 1160 2476 aliquando
1173 2409 1283 2483 cogitur

194 2519 318 2577 sponsus
339 2504 374 2562 ad
397 2507 617 2582 promissionem
638 2505 824 2583 implendam,
845 2503 976 2562 ducendo
997 2498 1149 2578 puellam.⁴
1189 2505 1238 2563 Sic
1253 2515 1281 2562 et

190 2600 297 2676 judicis
324 2604 415 2662 civilis
445 2607 584 2662 sententia
609 2606 715 2664 carceri
743 2603 930 2679 mancipatur,
958 2603 1007 2674 qui
1033 2620 1084 2676 spe
1111 2603 1283 2661 matrimonii

194 2700 318 2773 puellam
346 2703 463 2770 vitiavit,
491 2704 605 2761 nonnisi
633 2713 778 2763 contracto
799 2701 981 2760 matrimonio
1006 2700 1178 2768 liberandus,
1207 2697 1283 2774 quod

194 2805 287 2857 tamen
309 2812 484 2860 contractum
506 2803 577 2859 intra
597 2821 740 2860 carcerem
766 2800 850 2858 velet.
894 2799 943 2856 Sic
964 2817 1055 2856 canon
1072 2799 1155 2874 jubet
1174 2809 1283 2876 stupra-

116 2934 125 2956 s
194 2904 285 2953 torem
305 2897 407 2956 ducere
427 2909 591 2973 stupratam,
619 2910 785 2976 perpetuum
808 2916 949 2956 carcerem
970 2899 1098 2954 renuenti
1122 2897 1284 2956 minitans.⁵

195 2992 320 3051 Proinde
335 2997 408 3053 valet
430 2995 640 3053 matrimonium
654 2998 828 3055 contractum
842 3015 878 3053 er
893 3006 968 3052 metu
983 3015 1018 3052 ue
1034 3005 1112 3069 pater
1125 2997 1169 3054 vel
1184 2996 1283 3054 fratres

196 3091 297 3166 puellae
315 3093 388 3168 juris
410 3094 538 3152 ordinem
559 3096 648 3152 secuti
669 3112 768 3172 poenes
782 3093 823 3151 illi
837 3100 989 3151 arcessant.
1032 3091 1115 3157 Quod
1130 3094 1154 3149 si
1168 3095 1232 3164 quis
1246 3113 1283 3151 ex

194 3200 270 3247 metu
287 3193 384 3249 mortis
399 3212 415 3249 a
428 3193 598 3268 propinquis
613 3194 642 3250 in
656 3194 809 3252 vindictam
823 3191 975 3249 inserendae
990 3191 1115 3266 puellam
1130 3209 1146 3247 a
1159 3209 1189 3248 se
1204 3193 1283 3249 vitia·

195 3297 251 3345 tam
276 3288 397 3358 duxerit,
419 3291 496 3350 nulla
523 3293 550 3348 vi
581 3292 635 3349 sibi
659 3293 803 3358 intentata,
824 3286 966 3362 nullisque
987 3289 1073 3346 minis
1094 3289 1185 3356 factis,
1211 3291 1284 3348 valet

195 3388 425 3447 matrimonium:
448 3408 531 3448 secus
545 3390 570 3447 si
584 3392 668 3448 minae
683 3391 782 3448 mortis
796 3389 878 3446 illatae
893 3388 934 3446 illi
948 3387 1052 3444 fuerint
1066 3386 1100 3444 ad
1114 3396 1282 3460 extorquen-

194 3485 263 3542 dum
277 3505 461 3546 consensum.
504 3489 536 3545 Si
560 3490 630 3564 patri
651 3500 770 3547 mortem
790 3487 901 3545 illaturo
922 3487 958 3544 ob
980 3486 1067 3543 filiam
1089 3485 1212 3543 vitiatam
1226 3497 1283 3544 stu·

194 3593 289 3659 prator
302 3585 402 3644 offerat
423 3605 487 3645 eam
502 3586 615 3654 ducere,
638 3588 733 3645 velent
752 3578 889 3663 nuptiae2⁰
909 3603 966 3643 non
981 3586 1017 3642 ite
1030 3585 1055 3642 si
1069 3593 1148 3660 pater
1161 3586 1283 3643 minetur

193 3695 324 3752 mortem,
340 3686 395 3744 nisi
408 3705 471 3745 eam
486 3686 579 3744 ducat.
623 3685 687 3743 Nec
707 3687 792 3744 refert
811 3695 904 3742 utrum
926 3685 969 3742 vis
990 3683 1124 3742 inferatur
1138 3703 1153 3741 a
1167 3685 1283 3761 propiu-

194 3783 267 3852 quis,
291 3785 337 3841 vel
361 3785 395 3843 ab
419 3788 531 3845 alieno:
554 3783 791 3858 quandocumque
812 3784 888 3840 enim
912 3784 1029 3841 insertur
1055 3783 1089 3841 ad
1113 3793 1284 3854 extorquen-

193 3878 261 3936 dum
291 3901 462 3943 eonsensum
493 3885 523 3942 in
552 3885 775 3950 matrimonium,
797 3883 890 3940 obstat
917 3884 979 3958 ejus
1008 3882 1104 3956 valori.
1160 3881 1217 3946 Qui
1247 3899 1284 3940 ert

400 4077 441 4141 (l)
462 4075 523 4140 Cap.
534 4092 590 4125 cum
602 4078 690 4135 locum,
698 4075 726 4126 de
739 4072 907 4141 moneantur.

403 4162 445 4225 (2)
466 4161 528 4208 Vide
541 4162 659 4220 Snncher,
671 4161 700 4210 de
710 4157 880 4216 tllolrimonie,
891 4158 907 4205 l.
919 4157 951 4204 iv.
961 4156 1022 4219 disp.
1033 4155 1074 4208 vii,

397 4245 439 4308 (3)
460 4242 522 4307 (lap.
535 4243 574 4292 De
585 4245 694 4303 muliere,
706 4243 735 4292 de
748 4238 921 4309 sponsalibus.

400 4331 442 4395 (t)
463 4329 524 4392 Gap.
535 4329 576 4377 Er
585 4327 667 4386 literis,
679 4327 761 4378 eodem
773 4327 813 4376 tit.

398 4417 440 4480 (5)
460 4413 521 4477 Cep.
533 4414 647 4464 Pervenit
658 4414 688 4462 ed
699 4429 751 4471 noe,
763 4412 793 4462 de
804 4409 944 4460 adulteriis.

401 4501 443 4566 (6)
464 4501 494 4548 Ο.
505 4515 562 4548 curn
576 4499 665 4556 locum,
677 4504 701 4548 et
711 4513 733 4548 c.
748 4495 862 4552 Veniens,
874 4494 903 4544 de
915 4490 1030 4558 Sponsol.
