3108 5162
254 535 314 592 9119
450 528 508 590 DE
529 525 849 589 lMPEDIMENTIS
870 525 1145 588 MATRIMONII.

254 697 330 773 quod
354 715 454 775 preces
482 697 644 764 recitentur,
671 696 780 754 omissa
809 712 966 753 consensus
992 693 1093 764 forma,
1120 703 1149 754 et
1173 695 1271 754 Missa
1296 713 1352 773 pro

254 799 371 875 Sponso
395 807 423 854 et
436 795 551 873 Sponsa
570 794 736 860 celebretur,
751 795 776 852 si
797 795 966 871 penitentes
986 793 1176 853 offensionem
1195 795 1306 863 tollere,
1322 805 1354 852 et

256 897 375 974 gratiam
390 913 554 972 comparare
565 895 690 971 cupiant.
712 894 752 951 lis
766 893 795 950 in
808 894 881 951 locis
895 893 925 951 in
938 894 1042 966 quibus
1051 912 1088 952 ex
1099 895 1267 952 necessitate
1276 895 1352 971 legis

256 995 321 1069 quis
344 1013 376 1053 se
396 995 472 1054 sistit
490 1013 587 1054 coram
607 994 784 1070 magistratu,
801 990 959 1050 instruendi
979 1001 1047 1050 sunt
1066 991 1164 1051 fideles
1185 1011 1218 1050 se
1238 1012 1353 1051 merum

256 1105 351 1154 actum
372 1093 484 1152 civilem
506 1103 649 1170 praestare,
664 1091 715 1151 scd
741 1089 818 1148 haud
838 1091 1003 1150 contrahere
1025 1092 1248 1159 matrimonium,
1271 1092 1353 1164 quod

256 1195 400 1252 consuetis
422 1193 521 1252 formis
541 1210 635 1250 coram
663 1191 810 1248 sacerdote
833 1189 1013 1258 contrahunt,
1028 1209 1079 1248 seu
1106 1201 1197 1259 antea,
1212 1209 1262 1248 seu
1285 1203 1355 1266 post

258 1293 404 1370 praelatum
419 1300 531 1349 actum:
546 1290 597 1348 sed
612 1289 661 1348 ubi
676 1291 732 1366 ipsi
745 1299 847 1366 sponte
861 1308 892 1346 se
906 1290 1018 1357 sistunt,
1033 1288 1163 1348 videntur
1176 1307 1352 1348 consensum

258 1403 324 1449 tunc
345 1399 488 1465 praestare,
503 1399 532 1447 et
557 1388 622 1448 ideo
642 1399 788 1462 nequeunt
808 1390 909 1446 itemm
932 1405 998 1446 eum
1021 1387 1099 1458 dare,
1114 1407 1150 1447 nc
1171 1400 1352 1447 sacramento

256 1487 385 1548 illudant.
428 1488 518 1566 Igitur
531 1488 653 1566 cogendi
673 1507 729 1548 non
744 1497 811 1546 sunt
824 1487 859 1544 ad
881 1487 1006 1545 iteratam
1028 1506 1184 1546 consensus
1205 1488 1350 1564 significa·

257 1589 363 1647 tionem
376 1605 471 1646 coram
487 1585 639 1664 paroch0,¹
660 1605 724 1661 quae
739 1606 792 1645 nec
806 1585 887 1644 facile
900 1586 942 1644 cis
956 1587 1144 1662 permittenda
1154 1597 1207 1644 est.

301 1690 367 1744 199.
390 1685 439 1745 Ex
460 1686 505 1744 his
528 1705 591 1759 quae
618 1686 653 1744 de
674 1687 850 1745 immunitate
871 1684 1067 1744 haeretieorum
1088 1687 1122 1744 ab
1141 1685 1350 1763 impedimento

255 1785 487 1844 clandestinitatis
509 1783 646 1852 diximus,
673 1805 710 1843 ne
732 1795 811 1863 putet
830 1785 973 1861 quispiam
999 1802 1051 1842 eos
1071 1786 1105 1843 ab
1125 1787 1204 1844 omni
1227 1783 1349 1861 impedi·

256 1895 354 1946 mento
367 1885 504 1944 canonico
519 1885 660 1943 immunes
675 1903 755 1952 csse;
768 1884 900 1961 specialis
914 1884 990 1941 enim
1004 1883 1057 1942 luit
1075 1895 1185 1960 patrum
1203 1882 1349 1942 Tridenti-

256 2004 358 2044 uomm
371 1985 426 2044 hac
439 1984 474 2042 dc
488 2003 517 2042 re
533 1982 719 2062 providentia,
733 2001 769 2040 ue
784 1984 890 2040 incerta
910 1982 1078 2059 plerumque
1091 1984 1136 2041 vel
1157 1983 1234 2042 nulla
1254 1983 1349 2040 forent

256 2103 355 2144 eorum
382 2085 526 2162 conjugia.
578 2081 719 2140 Ceterum
747 2081 875 2157 plerique
903 2081 1028 2158 theologi
1051 2082 1217 2140 existimant
1248 2093 1350 2138 catera

256 2183 460 2258 impedimenta
473 2199 574 2239 omnes
597 2179 771 2256 adstringere
792 2181 840 2252 qui
861 2181 1002 2256 baptismo
1020 2181 1120 2238 initiati
1140 2190 1216 2249 sunt,
1230 2180 1306 2252 quod
1320 2190 1350 2238 ct

256 2281 356 2358 pmbat
377 2289 511 2338 constans
532 2278 632 2356 agendi
659 2280 732 2338 ratio
755 2279 831 2357 apud
852 2279 884 2336 S.
908 2278 1013 2338 Sedena
1037 2290 1159 2356 recepta.
1202 2279 1347 2352 Equidem

256 2379 422 2438 conceditur
440 2380 586 2457 episcopis
608 2379 727 2438 facultas
748 2377 931 2456 dispensandi
953 2397 1019 2435 cum
1041 2377 1180 2438 haereticis
1203 2379 1238 2438 ad
1260 2377 1348 2437 fidem

257 2481 404 2538 conversis
426 2477 455 2538 in
470 2477 640 2552 quibusdam
655 2477 788 2555 gradibus
802 2477 1064 2554 consanguinitatis,
1080 2479 1155 2550 quod
1171 2477 1349 2555 superfluum

256 2579 338 2645 foret,
352 2588 381 2636 et
402 2578 495 2644 inane,
510 2577 536 2634 si
557 2577 612 2654 ipsi
638 2577 760 2655 legibus,
775 2595 838 2648 quae
860 2596 894 2634 ca
915 2577 991 2634 irrita
1011 2576 1118 2635 iaciunt
1130 2579 1273 2655 conjugia,
1288 2595 1349 2635 non

257 2687 427 2736 tenerentur.
470 2676 632 2734 Declaravit
644 2677 762 2751 insuper
771 2675 942 2735 Benedictus
954 2674 1038 2733 XIV.
1053 2677 1146 2736 valere
1167 2677 1349 2735 matrimonia

256 2775 453 2832 hereticorum
463 2775 491 2832 in
508 2773 670 2839 Hollandia,
682 2793 739 2832 oon
753 2785 864 2831 errata
872 2775 963 2831 forma
972 2774 1151 2844 Tridentina,
1166 2774 1345 2834 “dummodo

255 2871 330 2930 aliud
344 2889 401 2928 non
421 2871 559 2930 obstiterit
578 2870 814 2946 impedimentum
834 2875 1003 2932 canonicum
1013 2873 1042 2942 ;”
1057 2877 1134 2946 quod
1152 2875 1277 2934 ostendit
1297 2893 1347 2934 ecs

255 2969 289 3026 ab
303 2969 381 3026 hisce
394 2987 453 3028 non
467 2986 532 3027 esse
545 2969 697 3029 immunes.
740 2970 815 3030 Rem
826 2991 864 3030 ex
877 2973 1007 3050 professo
1017 2973 1165 3033 illustravit
1173 2975 1347 3033 Benedictus

255 3068 339 3128 XIV.
354 3067 389 3126 de
409 3069 512 3128 Juuaeo
533 3070 587 3142 qui
601 3070 722 3130 duxerat
744 3072 892 3130 mulierem
912 3074 1140 3149 protestanticam
1162 3093 1260 3151 agens,
1275 3075 1349 3132 inter

257 3188 328 3244 quos
343 3169 509 3248 conjugium
524 3171 677 3228 subsistere
692 3171 816 3246 negavit,
830 3190 917 3242 quum
935 3170 1056 3229 obstaret
1065 3173 1156 3232 cultus
1170 3167 1347 3250 disparitas.²

257 3270 291 3329 si
304 3271 455 3347 contigerit
472 3270 599 3328 converti
612 3270 647 3327 ad
668 3269 754 3328 fidem
770 3271 818 3344 qui
832 3271 904 3328 intra
913 3271 1015 3346 gradum
1026 3273 1187 3347 prohibitos
1201 3270 1348 3349 conjuncti

257 3378 332 3438 sunt,
347 3369 520 3448 dispensatio
534 3368 685 3442 querenda
698 3371 760 3438 erit,
774 3379 802 3426 et
815 3379 973 3447 opportune
986 3368 1090 3430 danda.

295 3473 365 3528 200.
387 3469 570 3548 Impotcntiu
592 3478 637 3527 est
656 3470 783 3529 naturale
803 3469 976 3529 matrimonii
1001 3469 1237 3549 impedimentum
1258 3472 1288 3528 in
1311 3471 1346 3530 iis

256 3569 305 3638 qui
323 3578 470 3639 nequeunt
491 3570 568 3627 coire
588 3568 675 3627 modo
695 3571 871 3646 generationi
892 3587 943 3647 per
964 3586 996 3626 se
1013 3568 1126 3629 idoneo.
1170 3572 1235 3630 “ln
1255 3569 1350 3629 matri·

254 3662 384 3726 monio,'’
408 3665 447 3718 ait
469 3665 502 3719 S.
524 3666 665 3734 Thomas,
689 3677 761 3724 “cst
775 3678 935 3727 contractus
956 3667 1082 3742 quidam,
1106 3689 1164 3742 quo
1180 3689 1253 3728 unns
1267 3669 1349 3726 alteri

255 3756 442 3833 obligaturad
460 3757 584 3817 debitum
600 3764 712 3819 carnale
726 3765 905 3824 solvendum.
951 3768 1038 3827 Unde
1058 3771 1130 3827 sicut
1143 3771 1173 3828 in
1195 3770 1258 3828 aliis
1279 3785 1347 3826 con·

255 3857 390 3918 tractibus
405 3877 461 3917 non
485 3865 528 3914 cst
547 3861 722 3918 conveniens
742 3863 886 3938 obligatio,
908 3870 934 3925 si
959 3867 1062 3941 aliquis
1077 3887 1108 3926 ae
1121 3868 1229 3946 obliget
1242 3866 1277 3925 ad
1290 3867 1347 3925 hoc

255 3958 331 4034 quod
346 3977 402 4019 non
415 3967 509 4038 potest
521 3957 597 4028 dare,
613 3959 657 4017 vel
670 3958 778 4018 facere:
800 3962 838 4019 ita
851 3982 909 4024 non
923 3975 967 4026 est
977 3969 1152 4027 conveniens
1167 3965 1349 4026 matrimonio

256 4068 426 4130 contractus,
450 4061 474 4119 si
495 4059 543 4118 fiat
565 4060 599 4119 ab
619 4061 715 4135 aliquo
736 4063 786 4136 qui
807 4061 933 4125 debitum
954 4069 1066 4126 carnale
1086 4068 1197 4126 solvere
1210 4085 1268 4125 non
1282 4083 1350 4142 pos·

290 4274 334 4340 (1)
354 4271 417 4322 Vide
429 4272 537 4324 (larriere
548 4280 566 4324 t.
576 4274 635 4325 i'un.
650 4277 723 4326 1469.

291 4359 333 4424 (2)
355 4357 416 4406 Vide
427 4359 496 4423 epist
506 4359 536 4409 ad
548 4358 703 4412 cardinalem
715 4363 893 4416 Eborecsnsem
904 4366 944 4416 die
955 4367 970 4415 9
983 4357 1097 4417 Febrirar.
1111 4368 1184 4418 1749.
1201 4365 1265 4416 Vide
1275 4363 1345 4428 plura

254 4441 319 4512 apud
330 4440 436 4496 Carriere
448 4444 478 4494 de
488 4451 546 4494 mat.
557 4450 577 4495 t.
588 4445 605 4496 i.
616 4462 641 4496 n.
654 4446 710 4498 6⁰4.
