3124 5168
209 579 247 636 68
446 573 503 633 DE
524 571 719 632 MATERIA
740 571 1056 632 EUOHARISTIAE.

210 742 301 802 tulum
315 757 396 807 acret
417 737 468 797 sed
487 740 513 798 si
526 758 585 799 non
597 741 636 799 sit
647 740 809 800 notabiliter
828 738 951 808 acidum,
975 748 1130 799 excusatur
1142 759 1159 798 a
1171 741 1299 818 pluribus

211 840 260 914 qui
274 838 355 908 illud,
370 839 428 898 alio
441 838 602 909 deficiente,
618 839 742 900 adhibet.
765 847 785 877 ‘⁴
795 838 966 915 adduntque
981 839 1090 918 Sporer
1102 849 1131 899 et
1142 840 1316 908 Mazzotta,‹

210 938 299 1014 quod,
313 947 431 1017 urgente
445 939 524 1016 gravi
537 941 715 1009 necessitate,
735 940 844 999 licitum
864 949 942 998 esset
960 941 1002 998 uti
1021 940 1089 999 rino
1108 937 1202 1000 adhuc
1221 949 1300 1001 uota·

209 1039 305 1098 biliter
317 1048 475 1107 acescente,
488 1038 576 1098 modo
589 1042 628 1100 sit
640 1048 749 1098 certum
763 1031 912 1098 vinum.”¹

249 1145 279 1199 7.
302 1138 412 1197 Soccus
425 1138 498 1196 intra
509 1157 580 1198 uvas
594 1148 756 1209 contentus,
776 1148 824 1198 aut
842 1140 942 1198 vinum
956 1138 1082 1215 inpane,
1102 1135 1171 1207 offa,
1185 1139 1232 1197 vel
1245 1139 1300 1197 alia

209 1256 240 1296 re
253 1235 428 1315 hujusmodi,
442 1256 501 1297 non
515 1247 559 1297 est
570 1239 675 1299 idonea
688 1241 816 1308 materia,
837 1240 905 1311 quia
924 1238 981 1296 cibi
1000 1237 1098 1305 instar,
1112 1235 1189 1295 haud
1202 1247 1298 1316 potus,

209 1337 339 1396 sumitur.
381 1336 522 1406 Mustum,
546 1341 645 1398 vinum
665 1338 783 1397 scilicet.
795 1357 833 1396 ex
851 1339 915 1396 uvis
936 1335 1053 1397 maturis
1066 1354 1167 1395 recens
1181 1355 1299 1415 expres·

208 1453 283 1502 sum,
297 1445 342 1492 est
353 1436 471 1494 materia
484 1436 645 1507 sufficiens3
666 1437 718 1496 sed
731 1436 906 1514 prohibetur,
917 1437 1002 1514 juxta
1014 1436 1178 1513 plerosque,
1191 1454 1229 1494 ex
1242 1436 1300 1495 Eo·

208 1534 302 1594 clesiae
329 1535 393 1612 lege
419 1534 474 1593 eud
494 1537 597 1613 gravi,
622 1545 702 1596 extra
729 1538 941 1605 necessitatem,
964 1536 1001 1595 ob
1027 1535 1113 1594 seces
1139 1536 1297 1595 admixtas:

211 1641 230 1668 “
240 1633 436 1710 prohibetur,’‘
457 1634 550 1707 inquit
569 1636 601 1692 S.
616 1637 759 1704 Thomas,
782 1643 845 1694 “ne
866 1643 993 1693 mustum
1013 1635 1109 1692 statim
1130 1653 1300 1712 expressum

78 1783 81 1791 ,
102 1741 105 1747 “
209 1732 245 1791 de
259 1752 324 1801 uva,
345 1733 374 1790 in
397 1732 484 1790 calice
505 1733 655 1792 offeratur:
677 1735 745 1808 quia
763 1734 820 1792 hoc
834 1744 879 1792 est
897 1734 1035 1793 indecens
1055 1734 1300 1812 propterimpuri·

221 1841 295 1890 atem
308 1832 413 1891 musti:
436 1840 529 1908 potest
542 1842 637 1893 tamma
650 1834 680 1894 in
693 1835 863 1893 necessitate
877 1826 990 1892 fieri.''²

271 1974 278 1990 .
300 1931 335 1990 Iu
347 1932 416 1990 vino
429 1931 577 2009 congelato
592 1933 709 1993 minime
721 1934 791 1992 licet
809 1950 985 2000 consecrare,
1007 1931 1139 2004 quamvis
1151 1949 1298 1990 consecra·

209 2031 249 2089 tio
261 2031 372 2098 valeat3
387 2033 530 2090 cocenim
545 2031 649 2092 desinit
661 2051 724 2091 esse
735 2051 833 2092 verum
847 2033 946 2090 vinum
959 2030 1094 2108 potabile,
1106 2047 1194 2103 quum
1208 2030 1300 2104 lique·

209 2129 270 2187 fieri
283 2130 383 2206 possit.
426 2129 513 2196 Quod
526 2133 551 2190 si
565 2133 629 2205 quis
643 2131 768 2191 advertat
780 2149 844 2190 esse
855 2126 1046 2207 congelatum,
1058 2129 1221 2207 apponendi
1234 2139 1301 2188 sunt

209 2229 297 2304 paoni
310 2228 438 2287 calefacti
452 2232 555 2304 quibus
568 2231 712 2306 liquefiat:
734 2231 810 2308 quod
830 2241 945 2308 etpost
965 2228 1212 2289 consecrationem
1231 2228 1300 2287 licet

209 2345 246 2386 ex
259 2327 393 2388 Rubriois
407 2329 547 2388 Missalis.
589 2331 624 2391 In
637 2331 767 2392 ecclesiis
780 2330 940 2399 nonnullis,
952 2329 1088 2388 saeviente
1101 2329 1209 2398 hieme,
1224 2329 1299 2406 ignis

210 2427 240 2484 in
253 2427 331 2486 altari
344 2429 514 2505 apponitur:
536 2430 622 2504 quod·
635 2431 672 2489 ob
694 2433 893 2490 necessitatem
915 2431 1002 2489 licere
1023 2427 1145 2497 videtum
1168 2429 1300 2503 quamvis

211 2537 329 2603 praestet
342 2536 428 2588 totam
442 2526 559 2588 domum
573 2530 737 2600 calefacere,
751 2539 780 2589 et
792 2533 831 2590 ita
844 2530 924 2588 altari
937 2545 1049 2586 servare
1062 2527 1161 2585 decus.

247 2629 278 2683 9.
301 2627 385 2699 Aqua
398 2628 465 2686 vino
479 2626 661 2687 admiscenda
674 2637 735 2686 est:
759 2629 891 2688 “Monet
903 2625 1142 2704 sanctasynodus
1153 2623 1301 2704 (Triden-

209 2723 293 2798 tino)
307 2735 482 2801 preceptum
502 2743 565 2783 esse
586 2727 625 2784 ab·
643 2726 779 2784 Ecclesia
798 2726 1005 2793 sacerdotibus,
1027 2733 1060 2784 ut
1073 2741 1174 2797 aquam
1189 2724 1256 2800 vino
1270 2725 1299 2784 in
1385 2737 1387 2742 '

209 2821 298 2880 calice
311 2821 459 2882 offerendo
473 2823 622 2892 misceant,
635 2834 693 2883 tum
708 2825 785 2898 quod
806 2824 940 2884 Christus
966 2823 1111 2882 Dominus
1134 2823 1173 2880 ita
1196 2822 1300 2882 fecisse

210 2921 347 2989 credatur,
362 2931 422 2980 tum
443 2923 527 2981 etiarn
548 2925 616 2996 quia
641 2924 763 2984 elatere
784 2926 847 3003 ejus
868 2943 942 2996 aqua
964 2923 1050 2982 simul
1073 2941 1139 2981 cum
1160 2924 1299 2999 sanguine

210 3021 319 3090 exierit,
335 3021 413 3094 quod
425 3032 634 3082 sacramentum
653 3023 708 3082 hac
728 3025 866 3084 mixtione
879 3023 1033 3083 recolitur:
1055 3031 1161 3080 etcum
1175 3039 1255 3095 aquae
1269 3023 1299 3080 in

210 3121 390 3199 Apocalypsi
403 3123 477 3180 beati
489 3123 611 3183 loannis
625 3125 725 3201 populi
745 3124 885 3194 dicuntur,
906 3125 998 3202 ipsius
1014 3109 1218 3200 populifidelis
1232 3140 1297 3180 cum

210 3223 304 3298 capite
319 3219 436 3279 Christo
449 3223 518 3280 unio
530 3219 793 3300 repraesentatur.'’³
834 3224 916 3282 Licet
934 3242 979 3281 rer
999 3222 1071 3280 levis
1092 3221 1121 3280 in
1141 3240 1173 3279 se
1195 3223 1232 3280 sit
1251 3221 1300 3279 illa

211 3339 290 3392 aquas
308 3318 456 3388 admixtio,
480 3321 563 3380 etad
584 3323 708 3382 valorem
729 3324 951 3382 consecrationis
972 3339 1030 3380 non
1043 3331 1162 3398 spectet,
1177 3329 1299 3380 attamen

211 3419 264 3476 sub
277 3419 355 3497 gravi
369 3427 484 3495 peccato
498 3421 671 3498 praecipitur,
685 3423 721 3482 ob
735 3424 876 3482 maximas
887 3440 957 3495 quas
970 3421 1055 3478 habet
1067 3420 1299 3497 significationes.

112 3565 113 3568 ,
211 3517 413 3576 Modicissima
426 3537 500 3592 aqua
512 3538 576 3578 essa
589 3519 682 3590 debet,
700 3523 783 3598 juxta
802 3521 945 3579 decretum
959 3538 1012 3596 pro
1026 3519 1177 3577 Armenio:
1199 3537 1300 3575 caven·

210 3615 277 3673 dum
291 3617 368 3673 enim
382 3635 417 3673 ne
431 3619 515 3692 copia
528 3618 587 3676 vini
601 3620 784 3676 substantiam
798 3613 921 3677 mutet:⁴
940 3617 1046 3676 sufficit
1055 3615 1170 3688 quidem
1184 3635 1241 3674 una
1253 3617 1299 3674 vel

211 3714 297 3772 altera
322 3721 408 3789 gutta,
432 3723 460 3772 et
481 3713 516 3771 ad
536 3716 644 3774 tertiam
667 3727 775 3793 partem
796 3717 856 3776 vini
882 3716 966 3776 etiarn
987 3714 1118 3792 generosi
1137 3733 1196 3773 non
1216 3715 1301 3774 debet

211 3813 380 3891 pertingere,
394 3830 430 3868 ne
444 3812 528 3872 dubia
541 3816 578 3872 sit
587 3817 714 3874 materia.
755 3815 949 3875 Admiscenda
969 3825 1013 3872 est
1032 3823 1095 3872 ante
1108 3814 1299 3883 oblationem

211 3913 263 3972 sed
276 3915 302 3972 si
316 3931 373 3987 qua
385 3911 456 3970 sorte
476 3913 626 3991 contigerit
645 3933 708 3973 earn
732 3926 861 3992 tempore
881 3917 912 3974 in
933 3914 1069 3974 Rubricis
1090 3913 1239 3993 designato
1259 3917 1301 3974 in·

211 4013 303 4073 fusam
318 4032 376 4072 non
390 4031 465 4082 esre,
479 4021 649 4090 potestante
663 4016 905 4074 consecrationem
918 4015 1016 4074 caliois
1030 4014 1160 4084 insundi;
1180 4016 1299 4075 minime

209 4113 289 4183 vero,
304 4114 386 4174 calici
395 4114 457 4191 jam
469 4111 660 4173 consecrato.⁵

254 4219 300 4273 10.
322 4214 371 4273 Ex
385 4214 519 4272 Rubricis
533 4214 661 4273 Missalis
676 4215 739 4273 haec
752 4225 819 4292 post
832 4215 864 4274 S.
879 4215 1062 4293 Alphonsum
1078 4214 1297 4291 descripsimus:

281 4372 323 4435 (1)
342 4370 418 4433 Apud
429 4371 455 4418 S.
468 4371 543 4435 Alph.
555 4372 571 4421 l.
583 4372 615 4422 vi.
626 4389 651 4422 n.
663 4375 720 4422 20⁷.
854 4375 896 4440 (2)
921 4339 1134 4440 Ubiscpaaaoa.

246 4491 249 4502 Δ
281 4455 324 4520 (3)
344 4453 409 4502 Sese.
420 4455 480 4504 xxii.
493 4472 545 4521 cap.
554 4455 595 4506 vii.
858 4458 901 4525 (4)
921 4456 952 4507 (1.
963 4457 1014 4507 xiii.
1026 4457 1056 4508 de
1067 4457 1150 4506 celebr.
1163 4454 1230 4506 Miss.

522 4542 565 4606 (5)
584 4541 683 4592 Missalo
693 4543 795 4593 Roman.
807 4541 835 4594 dc
844 4541 985 4611 defectibus.
