<?xml version="1.0" encoding="UTF-8"?>
<!DOCTYPE html PUBLIC "-//W3C//DTD XHTML 1.0 Transitional//EN"
    "http://www.w3.org/TR/xhtml1/DTD/xhtml1-transitional.dtd">
<html xmlns="http://www.w3.org/1999/xhtml" xml:lang="en" lang="en">
 <head>
  <title>
</title>
<meta http-equiv="Content-Type" content="text/html;charset=utf-8" />
  <meta name='ocr-system' content='tesseract 3.04.00' />
  <meta name='ocr-capabilities' content='ocr_page ocr_carea ocr_par ocr_line ocrx_word'/>
</head>
<body>
  <div class='ocr_page' id='page_1' title='image "./theologiaemoral02kenrgoog_0135.png"; bbox 0 0 3172 5172; ppageno 0'>
   <div class='ocr_carea' id='block_1_1' title="bbox 254 560 1052 625">
    <p class='ocr_par' dir='ltr' id='par_1_1' title="bbox 254 560 1052 625">
     <span class='ocr_line' id='line_1_1' title="bbox 254 560 1052 625; baseline -0.003 -1"><span class='ocrx_word' id='word_1_1' title='bbox 254 565 312 625; x_wconf 87' lang='grc'>116</span> <span class='ocrx_word' id='word_1_2' title='bbox 543 563 599 622; x_wconf 87' lang='lat' dir='ltr'>DE</span> <span class='ocrx_word' id='word_1_3' title='bbox 622 560 744 621; x_wconf 91' lang='lat' dir='ltr'><strong>MODO</strong></span> <span class='ocrx_word' id='word_1_4' title='bbox 765 561 1052 622; x_wconf 78' lang='lat' dir='ltr'><strong>CELEBRANDI.</strong></span> 
     </span>
    </p>
   </div>
   <div class='ocr_carea' id='block_1_2' title="bbox 205 727 1347 1213">
    <p class='ocr_par' dir='ltr' id='par_1_2' title="bbox 205 727 1347 1213">
     <span class='ocr_line' id='line_1_2' title="bbox 255 727 1346 807; baseline -0.002 -17"><span class='ocrx_word' id='word_1_5' title='bbox 255 732 414 790; x_wconf 90' lang='lat' dir='ltr'>omittatur:</span> <span class='ocrx_word' id='word_1_6' title='bbox 437 729 476 788; x_wconf 89' lang='lat' dir='ltr'>ita</span> <span class='ocrx_word' id='word_1_7' title='bbox 495 730 572 788; x_wconf 90' lang='lat' dir='ltr'>enim</span> <span class='ocrx_word' id='word_1_8' title='bbox 587 730 723 807; x_wconf 85' lang='lat' dir='ltr'>praecepit</span> <span class='ocrx_word' id='word_1_9' title='bbox 742 730 774 787; x_wconf 85' lang='lat' dir='ltr'>S.</span> <span class='ocrx_word' id='word_1_10' title='bbox 790 728 861 788; x_wconf 87' lang='lat' dir='ltr'>Pius</span> <span class='ocrx_word' id='word_1_11' title='bbox 875 730 914 788; x_wconf 89' lang='lat' dir='ltr'>V.</span> <span class='ocrx_word' id='word_1_12' title='bbox 957 727 1121 789; x_wconf 83' lang='lat' dir='ltr'>Concilium</span> <span class='ocrx_word' id='word_1_13' title='bbox 1144 729 1346 788; x_wconf 89' lang='lat' dir='ltr'>Tridentinum</span> 
     </span>
     <span class='ocr_line' id='line_1_3' title="bbox 205 827 1343 906; baseline -0.002 -18"><span class='ocrx_word' id='word_1_14' title='bbox 205 839 207 847; x_wconf 82' lang='grc'>’</span> <span class='ocrx_word' id='word_1_15' title='bbox 254 849 369 904; x_wconf 90' lang='lat' dir='ltr'>quoque</span> <span class='ocrx_word' id='word_1_16' title='bbox 390 829 515 906; x_wconf 85' lang='lat' dir='ltr'>injunxit</span> <span class='ocrx_word' id='word_1_17' title='bbox 534 828 678 906; x_wconf 86' lang='lat' dir='ltr'>episeopis</span> <span class='ocrx_word' id='word_1_18' title='bbox 698 827 855 888; x_wconf 90' lang='lat' dir='ltr'>curandum</span> <span class='ocrx_word' id='word_1_19' title='bbox 876 848 911 887; x_wconf 91' lang='lat' dir='ltr'>ue</span> <span class='ocrx_word' id='word_1_20' title='bbox 925 827 1085 886; x_wconf 83' lang='lat' dir='ltr'>sacerdotes</span> <span class='ocrx_word' id='word_1_21' title='bbox 1100 830 1146 886; x_wconf 88' lang='lat' dir='ltr'>vel</span> <span class='ocrx_word' id='word_1_22' title='bbox 1158 831 1258 889; x_wconf 86' lang='lat' dir='ltr'>“ritus</span> <span class='ocrx_word' id='word_1_23' title='bbox 1272 829 1343 888; x_wconf 89' lang='lat' dir='ltr'>alios</span> 
     </span>
     <span class='ocr_line' id='line_1_4' title="bbox 255 928 1343 1004; baseline -0.005 -15"><span class='ocrx_word' id='word_1_24' title='bbox 255 939 302 989; x_wconf 85' lang='lat' dir='ltr'>eut</span> <span class='ocrx_word' id='word_1_25' title='bbox 315 929 383 988; x_wconf 88' lang='lat' dir='ltr'>alias</span> <span class='ocrx_word' id='word_1_26' title='bbox 397 929 582 986; x_wconf 72' lang='lat' dir='ltr'>ceremonias</span> <span class='ocrx_word' id='word_1_27' title='bbox 604 936 632 984; x_wconf 88' lang='lat' dir='ltr'>et</span> <span class='ocrx_word' id='word_1_28' title='bbox 644 946 744 1004; x_wconf 81' lang='lat' dir='ltr'>preces</span> <span class='ocrx_word' id='word_1_29' title='bbox 764 929 793 985; x_wconf 94' lang='lat' dir='ltr'>in</span> <span class='ocrx_word' id='word_1_30' title='bbox 807 929 962 986; x_wconf 90' lang='lat' dir='ltr'>Missarum</span> <span class='ocrx_word' id='word_1_31' title='bbox 977 928 1165 986; x_wconf 81' lang='lat' dir='ltr'>celebratione</span> <span class='ocrx_word' id='word_1_32' title='bbox 1180 928 1343 996; x_wconf 81' lang='lat' dir='ltr'>adhibeant,</span> 
     </span>
     <span class='ocr_line' id='line_1_5' title="bbox 256 1026 1347 1106; baseline -0.002 -20"><span class='ocrx_word' id='word_1_33' title='bbox 256 1037 358 1106; x_wconf 83' lang='lat' dir='ltr'>proeter</span> <span class='ocrx_word' id='word_1_34' title='bbox 369 1046 418 1086; x_wconf 89' lang='lat' dir='ltr'>eas</span> <span class='ocrx_word' id='word_1_35' title='bbox 433 1045 497 1100; x_wconf 74' lang='lat' dir='ltr'>quse</span> <span class='ocrx_word' id='word_1_36' title='bbox 515 1029 550 1086; x_wconf 90' lang='lat' dir='ltr'>ab</span> <span class='ocrx_word' id='word_1_37' title='bbox 571 1026 704 1085; x_wconf 78' lang='lat' dir='ltr'>Ecclesia</span> <span class='ocrx_word' id='word_1_38' title='bbox 717 1027 851 1102; x_wconf 80' lang='lat' dir='ltr'>probatae,</span> <span class='ocrx_word' id='word_1_39' title='bbox 878 1047 910 1084; x_wconf 90' lang='lat' dir='ltr'>ac</span> <span class='ocrx_word' id='word_1_40' title='bbox 923 1027 1076 1100; x_wconf 83' lang='lat' dir='ltr'>frequenti·</span> <span class='ocrx_word' id='word_1_41' title='bbox 1087 1037 1116 1086; x_wconf 90' lang='lat' dir='ltr'>et</span> <span class='ocrx_word' id='word_1_42' title='bbox 1137 1028 1270 1087; x_wconf 86' lang='lat' dir='ltr'>laudabili</span> <span class='ocrx_word' id='word_1_43' title='bbox 1293 1045 1347 1085; x_wconf 93' lang='lat' dir='ltr'>usu</span> 
     </span>
     <span class='ocr_line' id='line_1_6' title="bbox 257 1122 1344 1213; baseline -0.003 -27"><span class='ocrx_word' id='word_1_44' title='bbox 257 1135 378 1205; x_wconf 82' lang='lat' dir='ltr'>receptae</span> <span class='ocrx_word' id='word_1_45' title='bbox 401 1122 552 1184; x_wconf 76' lang='lat' dir='ltr'>fuerint.”⁵</span> <span class='ocrx_word' id='word_1_46' title='bbox 597 1124 707 1185; x_wconf 86' lang='lat' dir='ltr'>Omnes</span> <span class='ocrx_word' id='word_1_47' title='bbox 718 1126 944 1202; x_wconf 88' lang='lat' dir='ltr'>igiturRubricae</span> <span class='ocrx_word' id='word_1_48' title='bbox 959 1127 1031 1184; x_wconf 90' lang='lat' dir='ltr'>intra</span> <span class='ocrx_word' id='word_1_49' title='bbox 1045 1126 1168 1184; x_wconf 82' lang='lat' dir='ltr'>Missam</span> <span class='ocrx_word' id='word_1_50' title='bbox 1182 1126 1344 1213; x_wconf 67' lang='grc' dir='ltr'>Ιειετνειῐιᾱω,</span> 
     </span>
    </p>
   </div>
   <div class='ocr_carea' id='block_1_3' title="bbox 251 1219 1429 3485">
    <p class='ocr_par' dir='ltr' id='par_1_3' title="bbox 252 1219 1429 2673">
     <span class='ocr_line' id='line_1_7' title="bbox 256 1219 1344 1304; baseline -0.003 -19"><span class='ocrx_word' id='word_1_51' title='bbox 256 1227 384 1304; x_wconf 88' lang='lat' dir='ltr'>obligant</span> <span class='ocrx_word' id='word_1_52' title='bbox 395 1226 448 1283; x_wconf 92' lang='lat' dir='ltr'>sub</span> <span class='ocrx_word' id='word_1_53' title='bbox 462 1227 551 1302; x_wconf 88' lang='lat' dir='ltr'>gravi,</span> <span class='ocrx_word' id='word_1_54' title='bbox 564 1224 609 1281; x_wconf 91' lang='lat' dir='ltr'>vel</span> <span class='ocrx_word' id='word_1_55' title='bbox 622 1225 680 1285; x_wconf 89' lang='lat' dir='ltr'>levi</span> <span class='ocrx_word' id='word_1_56' title='bbox 693 1224 786 1300; x_wconf 87' lang='lat' dir='ltr'>culpa,</span> <span class='ocrx_word' id='word_1_57' title='bbox 801 1244 852 1302; x_wconf 92' lang='lat' dir='ltr'>pro</span> <span class='ocrx_word' id='word_1_58' title='bbox 865 1244 958 1284; x_wconf 87' lang='lat' dir='ltr'>rerum</span> <span class='ocrx_word' id='word_1_59' title='bbox 972 1219 1096 1284; x_wconf 81' lang='lat' dir='ltr'>natura²</span> <span class='ocrx_word' id='word_1_60' title='bbox 1127 1226 1213 1284; x_wconf 90' lang='lat' dir='ltr'>Levis</span> <span class='ocrx_word' id='word_1_61' title='bbox 1227 1224 1344 1299; x_wconf 89' lang='lat' dir='ltr'>quidem</span> 
     </span>
     <span class='ocr_line' id='line_1_8' title="bbox 254 1323 1429 1410; baseline -0.003 -27"><span class='ocrx_word' id='word_1_62' title='bbox 254 1334 298 1383; x_wconf 92' lang='lat' dir='ltr'>est</span> <span class='ocrx_word' id='word_1_63' title='bbox 318 1325 403 1401; x_wconf 88' lang='lat' dir='ltr'>eulpa</span> <span class='ocrx_word' id='word_1_64' title='bbox 415 1325 445 1382; x_wconf 93' lang='lat' dir='ltr'>in</span> <span class='ocrx_word' id='word_1_65' title='bbox 458 1342 488 1381; x_wconf 88' lang='lat' dir='ltr'>re</span> <span class='ocrx_word' id='word_1_66' title='bbox 501 1343 588 1400; x_wconf 88' lang='lat' dir='ltr'>parva</span> <span class='ocrx_word' id='word_1_67' title='bbox 607 1323 746 1391; x_wconf 88' lang='lat' dir='ltr'>delicere;</span> <span class='ocrx_word' id='word_1_68' title='bbox 769 1323 819 1382; x_wconf 91' lang='lat' dir='ltr'>sed</span> <span class='ocrx_word' id='word_1_69' title='bbox 840 1325 962 1400; x_wconf 87' lang='lat' dir='ltr'>graviter</span> <span class='ocrx_word' id='word_1_70' title='bbox 975 1334 1117 1401; x_wconf 89' lang='lat' dir='ltr'>peccatur,</span> <span class='ocrx_word' id='word_1_71' title='bbox 1138 1325 1249 1398; x_wconf 89' lang='lat' dir='ltr'>quotics</span> <span class='ocrx_word' id='word_1_72' title='bbox 1263 1323 1345 1410; x_wconf 62' lang='lat' dir='ltr'>²quid</span> <span class='ocrx_word' id='word_1_73' title='bbox 1425 1400 1429 1404; x_wconf 27' lang='lat'>,</span> 
     </span>
     <span class='ocr_line' id='line_1_9' title="bbox 256 1422 1344 1501; baseline 0 -19"><span class='ocrx_word' id='word_1_74' title='bbox 256 1425 352 1500; x_wconf 90' lang='lat' dir='ltr'>magui</span> <span class='ocrx_word' id='word_1_75' title='bbox 378 1425 517 1482; x_wconf 85' lang='lat' dir='ltr'>momenti</span> <span class='ocrx_word' id='word_1_76' title='bbox 543 1422 704 1500; x_wconf 83' lang='lat' dir='ltr'>negligitur,</span> <span class='ocrx_word' id='word_1_77' title='bbox 732 1424 778 1480; x_wconf 89' lang='lat' dir='ltr'>vel</span> <span class='ocrx_word' id='word_1_78' title='bbox 803 1422 942 1500; x_wconf 88' lang='lat' dir='ltr'>adjicitur.</span> <span class='ocrx_word' id='word_1_79' title='bbox 993 1424 1028 1482; x_wconf 90' lang='lat' dir='ltr'>In</span> <span class='ocrx_word' id='word_1_80' title='bbox 1054 1444 1163 1483; x_wconf 88' lang='lat' dir='ltr'>canone</span> <span class='ocrx_word' id='word_1_81' title='bbox 1188 1424 1344 1501; x_wconf 81' lang='lat' dir='ltr'>praesertim</span> 
     </span>
     <span class='ocr_line' id='line_1_10' title="bbox 258 1514 1347 1600; baseline -0.003 -19"><span class='ocrx_word' id='word_1_82' title='bbox 258 1523 389 1590; x_wconf 87' lang='lat' dir='ltr'>omissio,</span> <span class='ocrx_word' id='word_1_83' title='bbox 400 1523 447 1581; x_wconf 85' lang='lat' dir='ltr'>vel</span> <span class='ocrx_word' id='word_1_84' title='bbox 466 1521 583 1590; x_wconf 87' lang='lat' dir='ltr'>additio,</span> <span class='ocrx_word' id='word_1_85' title='bbox 598 1541 710 1599; x_wconf 88' lang='lat' dir='ltr'>gravem</span> <span class='ocrx_word' id='word_1_86' title='bbox 722 1522 803 1580; x_wconf 87' lang='lat' dir='ltr'>facile</span> <span class='ocrx_word' id='word_1_87' title='bbox 817 1522 926 1580; x_wconf 86' lang='lat' dir='ltr'>inducit</span> <span class='ocrx_word' id='word_1_88' title='bbox 938 1523 1062 1600; x_wconf 87' lang='lat' dir='ltr'>culpam.</span> <span class='ocrx_word' id='word_1_89' title='bbox 1105 1514 1347 1595; x_wconf 82' lang='lat' dir='ltr'>Quotiescumque</span> 
     </span>
     <span class='ocr_line' id='line_1_11' title="bbox 256 1621 1413 1700; baseline 0 -20"><span class='ocrx_word' id='word_1_90' title='bbox 256 1624 367 1680; x_wconf 89' lang='lat' dir='ltr'>animus</span> <span class='ocrx_word' id='word_1_91' title='bbox 393 1631 437 1679; x_wconf 83' lang='lat' dir='ltr'>est</span> <span class='ocrx_word' id='word_1_92' title='bbox 461 1640 567 1680; x_wconf 90' lang='lat' dir='ltr'>novum</span> <span class='ocrx_word' id='word_1_93' title='bbox 594 1621 746 1679; x_wconf 89' lang='lat' dir='ltr'>inducendi</span> <span class='ocrx_word' id='word_1_94' title='bbox 772 1621 868 1690; x_wconf 90' lang='lat' dir='ltr'>ritum,</span> <span class='ocrx_word' id='word_1_95' title='bbox 896 1640 975 1680; x_wconf 90' lang='lat' dir='ltr'>more</span> <span class='ocrx_word' id='word_1_96' title='bbox 1002 1623 1142 1682; x_wconf 71' lang='lat' dir='ltr'>Ecclesiae</span> <span class='ocrx_word' id='word_1_97' title='bbox 1169 1623 1342 1700; x_wconf 85' lang='lat' dir='ltr'>posthabito,</span> <span class='ocrx_word' id='word_1_98' title='bbox 1409 1623 1413 1636; x_wconf 89' lang='grc'><strong>“</strong></span> 
     </span>
     <span class='ocr_line' id='line_1_12' title="bbox 255 1719 1343 1799; baseline -0.002 -19"><span class='ocrx_word' id='word_1_99' title='bbox 255 1721 349 1799; x_wconf 85' lang='lat' dir='ltr'>gravis</span> <span class='ocrx_word' id='word_1_100' title='bbox 370 1729 414 1778; x_wconf 90' lang='lat' dir='ltr'>est</span> <span class='ocrx_word' id='word_1_101' title='bbox 432 1721 525 1798; x_wconf 88' lang='lat' dir='ltr'>culpa,</span> <span class='ocrx_word' id='word_1_102' title='bbox 547 1739 610 1794; x_wconf 78' lang='lat' dir='ltr'>quse</span> <span class='ocrx_word' id='word_1_103' title='bbox 631 1722 665 1778; x_wconf 93' lang='lat' dir='ltr'>ab</span> <span class='ocrx_word' id='word_1_104' title='bbox 685 1722 721 1778; x_wconf 91' lang='lat' dir='ltr'>iis</span> <span class='ocrx_word' id='word_1_105' title='bbox 742 1720 851 1779; x_wconf 89' lang='lat' dir='ltr'>admitti</span> <span class='ocrx_word' id='word_1_106' title='bbox 872 1721 1015 1780; x_wconf 89' lang='lat' dir='ltr'>censenda</span> <span class='ocrx_word' id='word_1_107' title='bbox 1035 1731 1078 1780; x_wconf 89' lang='lat' dir='ltr'>est</span> <span class='ocrx_word' id='word_1_108' title='bbox 1098 1724 1146 1795; x_wconf 94' lang='lat' dir='ltr'>qui</span> <span class='ocrx_word' id='word_1_109' title='bbox 1160 1741 1223 1796; x_wconf 87' lang='lat' dir='ltr'>quae</span> <span class='ocrx_word' id='word_1_110' title='bbox 1237 1719 1343 1779; x_wconf 77' lang='lat' dir='ltr'>secreti</span> 
     </span>
     <span class='ocr_line' id='line_1_13' title="bbox 257 1811 1344 1898; baseline 0 -20"><span class='ocrx_word' id='word_1_111' title='bbox 257 1818 376 1880; x_wconf 88' lang='lat' dir='ltr'>dicenda</span> <span class='ocrx_word' id='word_1_112' title='bbox 396 1811 471 1888; x_wconf 90' lang='lat' dir='ltr'>sunt,</span> <span class='ocrx_word' id='word_1_113' title='bbox 493 1820 547 1877; x_wconf 86' lang='lat' dir='ltr'>alta</span> <span class='ocrx_word' id='word_1_114' title='bbox 567 1839 636 1877; x_wconf 93' lang='lat' dir='ltr'>voce</span> <span class='ocrx_word' id='word_1_115' title='bbox 658 1819 784 1896; x_wconf 87' lang='lat' dir='ltr'>proferre</span> <span class='ocrx_word' id='word_1_116' title='bbox 810 1820 959 1879; x_wconf 85' lang='lat' dir='ltr'>affectant:</span> <span class='ocrx_word' id='word_1_117' title='bbox 982 1811 1155 1898; x_wconf 87' lang='lat' dir='ltr'>quapropter</span> <span class='ocrx_word' id='word_1_118' title='bbox 1175 1823 1205 1880; x_wconf 91' lang='lat' dir='ltr'>iu</span> <span class='ocrx_word' id='word_1_119' title='bbox 1231 1822 1344 1894; x_wconf 89' lang='lat' dir='ltr'>eosqui</span> 
     </span>
     <span class='ocr_line' id='line_1_14' title="bbox 257 1919 1343 1990; baseline -0.004 -11"><span class='ocrx_word' id='word_1_120' title='bbox 257 1921 343 1980; x_wconf 89' lang='lat' dir='ltr'>ritum</span> <span class='ocrx_word' id='word_1_121' title='bbox 364 1919 527 1979; x_wconf 91' lang='lat' dir='ltr'>Romanum</span> <span class='ocrx_word' id='word_1_122' title='bbox 542 1919 686 1986; x_wconf 89' lang='lat' dir='ltr'>damnant,</span> <span class='ocrx_word' id='word_1_123' title='bbox 701 1919 849 1978; x_wconf 89' lang='lat' dir='ltr'>anathema</span> <span class='ocrx_word' id='word_1_124' title='bbox 869 1919 931 1978; x_wconf 90' lang='lat' dir='ltr'>tulit</span> <span class='ocrx_word' id='word_1_125' title='bbox 953 1921 1105 1979; x_wconf 87' lang='lat' dir='ltr'>concilium</span> <span class='ocrx_word' id='word_1_126' title='bbox 1126 1921 1343 1990; x_wconf 87' lang='lat' dir='ltr'>Tridentiuum:</span> 
     </span>
     <span class='ocr_line' id='line_1_15' title="bbox 259 2018 1346 2094; baseline -0.005 -16"><span class='ocrx_word' id='word_1_127' title='bbox 259 2027 279 2055; x_wconf 79' lang='lat'>‘⁴</span> <span class='ocrx_word' id='word_1_128' title='bbox 289 2019 322 2078; x_wconf 76' lang='lat' dir='ltr'>si</span> <span class='ocrx_word' id='word_1_129' title='bbox 335 2021 400 2092; x_wconf 92' lang='lat' dir='ltr'>quis</span> <span class='ocrx_word' id='word_1_130' title='bbox 414 2018 525 2087; x_wconf 83' lang='lat' dir='ltr'>dixerit,</span> <span class='ocrx_word' id='word_1_131' title='bbox 540 2019 679 2076; x_wconf 79' lang='lat' dir='ltr'>Ecclesiae</span> <span class='ocrx_word' id='word_1_132' title='bbox 694 2019 832 2076; x_wconf 87' lang='lat' dir='ltr'>Romanae</span> <span class='ocrx_word' id='word_1_133' title='bbox 853 2019 936 2079; x_wconf 88' lang='lat' dir='ltr'>ritum</span> <span class='ocrx_word' id='word_1_134' title='bbox 958 2039 1014 2093; x_wconf 90' lang='lat' dir='ltr'>quo</span> <span class='ocrx_word' id='word_1_135' title='bbox 1035 2020 1178 2077; x_wconf 88' lang='lat' dir='ltr'>submissa</span> <span class='ocrx_word' id='word_1_136' title='bbox 1191 2038 1261 2078; x_wconf 89' lang='lat' dir='ltr'>voce</span> <span class='ocrx_word' id='word_1_137' title='bbox 1280 2037 1346 2094; x_wconf 88' lang='lat' dir='ltr'>pars</span> 
     </span>
     <span class='ocr_line' id='line_1_16' title="bbox 255 2117 1344 2193; baseline -0.001 -18"><span class='ocrx_word' id='word_1_138' title='bbox 255 2119 372 2176; x_wconf 88' lang='lat' dir='ltr'>canonis</span> <span class='ocrx_word' id='word_1_139' title='bbox 386 2127 414 2176; x_wconf 90' lang='lat' dir='ltr'>et</span> <span class='ocrx_word' id='word_1_140' title='bbox 426 2119 511 2175; x_wconf 90' lang='lat' dir='ltr'>verba</span> <span class='ocrx_word' id='word_1_141' title='bbox 524 2118 744 2176; x_wconf 89' lang='lat' dir='ltr'>consecrationis</span> <span class='ocrx_word' id='word_1_142' title='bbox 766 2117 956 2193; x_wconf 86' lang='lat' dir='ltr'>proferuntur,</span> <span class='ocrx_word' id='word_1_143' title='bbox 977 2118 1167 2180; x_wconf 88' lang='lat' dir='ltr'>damnandum</span> <span class='ocrx_word' id='word_1_144' title='bbox 1189 2136 1264 2186; x_wconf 89' lang='lat' dir='ltr'>esse,</span> <span class='ocrx_word' id='word_1_145' title='bbox 1279 2136 1344 2174; x_wconf 88' lang='lat' dir='ltr'>ana·</span> 
     </span>
     <span class='ocr_line' id='line_1_17' title="bbox 256 2212 1344 2294; baseline 0 -20"><span class='ocrx_word' id='word_1_146' title='bbox 256 2216 351 2276; x_wconf 88' lang='lat' dir='ltr'>thema</span> <span class='ocrx_word' id='word_1_147' title='bbox 374 2212 459 2274; x_wconf 85' lang='lat' dir='ltr'>sit.”³</span> <span class='ocrx_word' id='word_1_148' title='bbox 499 2216 568 2274; x_wconf 91' lang='lat' dir='ltr'>Mos</span> <span class='ocrx_word' id='word_1_149' title='bbox 590 2216 666 2293; x_wconf 91' lang='lat' dir='ltr'>apud</span> <span class='ocrx_word' id='word_1_150' title='bbox 693 2235 747 2277; x_wconf 88' lang='lat' dir='ltr'>nos</span> <span class='ocrx_word' id='word_1_151' title='bbox 767 2215 898 2290; x_wconf 84' lang='lat' dir='ltr'>inductus</span> <span class='ocrx_word' id='word_1_152' title='bbox 920 2217 1081 2294; x_wconf 87' lang='lat' dir='ltr'>hymnum:</span> <span class='ocrx_word' id='word_1_153' title='bbox 1114 2218 1221 2276; x_wconf 87' lang='lat' dir='ltr'>“Veni</span> <span class='ocrx_word' id='word_1_154' title='bbox 1241 2217 1344 2274; x_wconf 85' lang='lat' dir='ltr'>Sancte</span> 
     </span>
     <span class='ocr_line' id='line_1_18' title="bbox 253 2298 1340 2393; baseline -0.001 -19"><span class='ocrx_word' id='word_1_155' title='bbox 253 2315 412 2393; x_wconf 81' lang='lat' dir='ltr'>Spiritus,”</span> <span class='ocrx_word' id='word_1_156' title='bbox 423 2325 487 2375; x_wconf 88' lang='lat' dir='ltr'>ante</span> <span class='ocrx_word' id='word_1_157' title='bbox 501 2298 669 2375; x_wconf 86' lang='lat' dir='ltr'>concionem</span> <span class='ocrx_word' id='word_1_158' title='bbox 684 2316 813 2384; x_wconf 87' lang='lat' dir='ltr'>canendi,</span> <span class='ocrx_word' id='word_1_159' title='bbox 826 2315 965 2374; x_wconf 91' lang='lat' dir='ltr'>tollendus</span> <span class='ocrx_word' id='word_1_160' title='bbox 976 2317 1095 2384; x_wconf 87' lang='lat' dir='ltr'>videtur,</span> <span class='ocrx_word' id='word_1_161' title='bbox 1107 2335 1194 2391; x_wconf 90' lang='lat' dir='ltr'>quum</span> <span class='ocrx_word' id='word_1_162' title='bbox 1203 2336 1261 2377; x_wconf 92' lang='lat' dir='ltr'>non</span> <span class='ocrx_word' id='word_1_163' title='bbox 1270 2335 1340 2393; x_wconf 86' lang='lat' dir='ltr'>prae·</span> 
     </span>
     <span class='ocr_line' id='line_1_19' title="bbox 252 2415 1343 2493; baseline 0.001 -21"><span class='ocrx_word' id='word_1_164' title='bbox 252 2417 388 2476; x_wconf 88' lang='lat' dir='ltr'>scribatur</span> <span class='ocrx_word' id='word_1_165' title='bbox 406 2417 435 2475; x_wconf 92' lang='lat' dir='ltr'>iu</span> <span class='ocrx_word' id='word_1_166' title='bbox 460 2416 585 2485; x_wconf 86' lang='lat' dir='ltr'>Missali,</span> <span class='ocrx_word' id='word_1_167' title='bbox 609 2425 638 2472; x_wconf 91' lang='lat' dir='ltr'>et</span> <span class='ocrx_word' id='word_1_168' title='bbox 663 2416 795 2474; x_wconf 85' lang='lat' dir='ltr'>sacerdos</span> <span class='ocrx_word' id='word_1_169' title='bbox 808 2415 980 2493; x_wconf 86' lang='lat' dir='ltr'>genuflexus</span> <span class='ocrx_word' id='word_1_170' title='bbox 994 2425 1111 2474; x_wconf 87' lang='lat' dir='ltr'>maneat</span> <span class='ocrx_word' id='word_1_171' title='bbox 1131 2415 1198 2475; x_wconf 90' lang='lat' dir='ltr'>dum</span> <span class='ocrx_word' id='word_1_172' title='bbox 1223 2418 1343 2484; x_wconf 87' lang='lat' dir='ltr'>canitur,</span> 
     </span>
     <span class='ocr_line' id='line_1_20' title="bbox 255 2498 1344 2595; baseline -0.001 -21"><span class='ocrx_word' id='word_1_173' title='bbox 255 2525 351 2574; x_wconf 88' lang='lat' dir='ltr'>contra</span> <span class='ocrx_word' id='word_1_174' title='bbox 373 2517 458 2575; x_wconf 87' lang='lat' dir='ltr'>ritum</span> <span class='ocrx_word' id='word_1_175' title='bbox 479 2517 509 2575; x_wconf 91' lang='lat' dir='ltr'>in</span> <span class='ocrx_word' id='word_1_176' title='bbox 529 2517 622 2574; x_wconf 88' lang='lat' dir='ltr'>Missa</span> <span class='ocrx_word' id='word_1_177' title='bbox 645 2525 796 2582; x_wconf 87' lang='lat' dir='ltr'>servatum,</span> <span class='ocrx_word' id='word_1_178' title='bbox 817 2524 845 2572; x_wconf 90' lang='lat' dir='ltr'>et</span> <span class='ocrx_word' id='word_1_179' title='bbox 870 2515 992 2595; x_wconf 80' lang='lat' dir='ltr'>Anglioo</span> <span class='ocrx_word' id='word_1_180' title='bbox 1020 2498 1150 2573; x_wconf 79' lang='lat' dir='ltr'>sermone</span> <span class='ocrx_word' id='word_1_181' title='bbox 1176 2518 1344 2595; x_wconf 87' lang='lat' dir='ltr'>plerumque</span> 
     </span>
     <span class='ocr_line' id='line_1_21' title="bbox 255 2625 381 2673; baseline 0.008 -2"><span class='ocrx_word' id='word_1_182' title='bbox 255 2625 381 2673; x_wconf 87' lang='lat' dir='ltr'>canatur.</span> 
     </span>
    </p>

    <p class='ocr_par' dir='ltr' id='par_1_4' title="bbox 251 2700 1347 3186">
     <span class='ocr_line' id='line_1_22' title="bbox 296 2700 1347 2790; baseline 0.001 -21"><span class='ocrx_word' id='word_1_183' title='bbox 296 2716 364 2772; x_wconf 84' lang='grc'><strong>117.</strong></span> <span class='ocrx_word' id='word_1_184' title='bbox 376 2713 471 2776; x_wconf 81' lang='lat' dir='ltr'>Grave</span> <span class='ocrx_word' id='word_1_185' title='bbox 480 2721 522 2769; x_wconf 91' lang='lat' dir='ltr'>est</span> <span class='ocrx_word' id='word_1_186' title='bbox 530 2700 675 2789; x_wconf 78' lang='lat' dir='ltr'>peccatum</span> <span class='ocrx_word' id='word_1_187' title='bbox 685 2711 905 2771; x_wconf 85' lang='lat' dir='ltr'>adeoincuriose</span> <span class='ocrx_word' id='word_1_188' title='bbox 915 2715 961 2772; x_wconf 86' lang='lat' dir='ltr'>vel</span> <span class='ocrx_word' id='word_1_189' title='bbox 970 2713 1135 2772; x_wconf 80' lang='lat' dir='ltr'>festinanter</span> <span class='ocrx_word' id='word_1_190' title='bbox 1143 2732 1254 2772; x_wconf 88' lang='lat' dir='ltr'>sacmm</span> <span class='ocrx_word' id='word_1_191' title='bbox 1264 2731 1347 2790; x_wconf 88' lang='lat' dir='ltr'>pera·</span> 
     </span>
     <span class='ocr_line' id='line_1_23' title="bbox 254 2810 1341 2887; baseline 0.002 -20"><span class='ocrx_word' id='word_1_192' title='bbox 254 2810 896 2887; x_wconf 84' lang='lat' dir='ltr'>gereutfidelibusoffensionisitetscandalo.</span> <span class='ocrx_word' id='word_1_193' title='bbox 928 2812 1005 2871; x_wconf 91' lang='lat' dir='ltr'>Hinc</span> <span class='ocrx_word' id='word_1_194' title='bbox 1014 2814 1063 2886; x_wconf 95' lang='lat' dir='ltr'>qui</span> <span class='ocrx_word' id='word_1_195' title='bbox 1073 2813 1145 2870; x_wconf 86' lang='lat' dir='ltr'>intra</span> <span class='ocrx_word' id='word_1_196' title='bbox 1158 2812 1341 2886; x_wconf 85' lang='lat' dir='ltr'>quadrantem</span> 
     </span>
     <span class='ocr_line' id='line_1_24' title="bbox 253 2909 1342 2989; baseline 0.003 -22"><span class='ocrx_word' id='word_1_197' title='bbox 253 2909 330 2967; x_wconf 84' lang='lat' dir='ltr'>horae</span> <span class='ocrx_word' id='word_1_198' title='bbox 344 2928 455 2968; x_wconf 84' lang='lat' dir='ltr'>saenim</span> <span class='ocrx_word' id='word_1_199' title='bbox 469 2911 627 2978; x_wconf 87' lang='lat' dir='ltr'>absolvunt,</span> <span class='ocrx_word' id='word_1_200' title='bbox 651 2913 700 2969; x_wconf 87' lang='lat' dir='ltr'>vix</span> <span class='ocrx_word' id='word_1_201' title='bbox 716 2921 837 2988; x_wconf 80' lang='lat' dir='ltr'>possunt</span> <span class='ocrx_word' id='word_1_202' title='bbox 856 2913 935 2988; x_wconf 82' lang='lat' dir='ltr'>gravi</span> <span class='ocrx_word' id='word_1_203' title='bbox 948 2921 1066 2989; x_wconf 89' lang='lat' dir='ltr'>peceato</span> <span class='ocrx_word' id='word_1_204' title='bbox 1080 2913 1220 2970; x_wconf 87' lang='lat' dir='ltr'>immunes</span> <span class='ocrx_word' id='word_1_205' title='bbox 1233 2912 1342 2979; x_wconf 89' lang='lat' dir='ltr'>haberi,</span> 
     </span>
     <span class='ocr_line' id='line_1_25' title="bbox 253 3011 1341 3088; baseline 0.001 -21"><span class='ocrx_word' id='word_1_206' title='bbox 253 3027 340 3082; x_wconf 92' lang='lat' dir='ltr'>quum</span> <span class='ocrx_word' id='word_1_207' title='bbox 355 3019 411 3067; x_wconf 88' lang='lat' dir='ltr'>tam</span> <span class='ocrx_word' id='word_1_208' title='bbox 431 3011 510 3068; x_wconf 89' lang='lat' dir='ltr'>brevi</span> <span class='ocrx_word' id='word_1_209' title='bbox 524 3011 660 3086; x_wconf 87' lang='lat' dir='ltr'>temporis</span> <span class='ocrx_word' id='word_1_210' title='bbox 680 3012 772 3087; x_wconf 89' lang='lat' dir='ltr'>spatio</span> <span class='ocrx_word' id='word_1_211' title='bbox 792 3020 934 3084; x_wconf 86' lang='lat' dir='ltr'>nequeant</span> <span class='ocrx_word' id='word_1_212' title='bbox 953 3030 1053 3087; x_wconf 88' lang='lat' dir='ltr'>preces</span> <span class='ocrx_word' id='word_1_213' title='bbox 1074 3013 1196 3088; x_wconf 88' lang='lat' dir='ltr'>integras</span> <span class='ocrx_word' id='word_1_214' title='bbox 1214 3012 1341 3079; x_wconf 88' lang='lat' dir='ltr'>recitare,</span> 
     </span>
     <span class='ocr_line' id='line_1_26' title="bbox 251 3101 725 3186; baseline 0 -19"><span class='ocrx_word' id='word_1_215' title='bbox 251 3109 379 3182; x_wconf 87' lang='lat' dir='ltr'>ritusque</span> <span class='ocrx_word' id='word_1_216' title='bbox 392 3118 551 3169; x_wconf 87' lang='lat' dir='ltr'>reverenter</span> <span class='ocrx_word' id='word_1_217' title='bbox 564 3101 725 3186; x_wconf 87' lang='lat' dir='ltr'>perlicere.⁴</span> 
     </span>
    </p>

    <p class='ocr_par' dir='ltr' id='par_1_5' title="bbox 251 3208 1342 3485">
     <span class='ocr_line' id='line_1_27' title="bbox 294 3208 1342 3288; baseline 0 -20"><span class='ocrx_word' id='word_1_218' title='bbox 294 3212 361 3269; x_wconf 81' lang='lat'>118.</span> <span class='ocrx_word' id='word_1_219' title='bbox 383 3209 476 3268; x_wconf 90' lang='lat' dir='ltr'>Missa</span> <span class='ocrx_word' id='word_1_220' title='bbox 488 3209 578 3272; x_wconf 89' lang='lat' dir='ltr'>semel</span> <span class='ocrx_word' id='word_1_221' title='bbox 591 3209 723 3267; x_wconf 89' lang='lat' dir='ltr'>inchoata</span> <span class='ocrx_word' id='word_1_222' title='bbox 736 3208 770 3266; x_wconf 90' lang='lat' dir='ltr'>ad</span> <span class='ocrx_word' id='word_1_223' title='bbox 783 3210 869 3268; x_wconf 88' lang='lat' dir='ltr'>finem</span> <span class='ocrx_word' id='word_1_224' title='bbox 884 3228 975 3282; x_wconf 89' lang='lat' dir='ltr'>usque</span> <span class='ocrx_word' id='word_1_225' title='bbox 996 3208 1176 3285; x_wconf 89' lang='lat' dir='ltr'>perducenda</span> <span class='ocrx_word' id='word_1_226' title='bbox 1189 3220 1243 3279; x_wconf 89' lang='lat' dir='ltr'>est,</span> <span class='ocrx_word' id='word_1_227' title='bbox 1257 3229 1342 3288; x_wconf 87' lang='lat' dir='ltr'>grave</span> 
     </span>
     <span class='ocr_line' id='line_1_28' title="bbox 251 3305 1342 3389; baseline 0.003 -25"><span class='ocrx_word' id='word_1_228' title='bbox 251 3309 329 3365; x_wconf 91' lang='lat' dir='ltr'>enim</span> <span class='ocrx_word' id='word_1_229' title='bbox 338 3316 381 3365; x_wconf 91' lang='lat' dir='ltr'>est</span> <span class='ocrx_word' id='word_1_230' title='bbox 390 3319 537 3384; x_wconf 86' lang='lat' dir='ltr'>peccatum</span> <span class='ocrx_word' id='word_1_231' title='bbox 548 3318 654 3367; x_wconf 88' lang='lat' dir='ltr'>tantum</span> <span class='ocrx_word' id='word_1_232' title='bbox 666 3327 770 3369; x_wconf 87' lang='lat' dir='ltr'>munus</span> <span class='ocrx_word' id='word_1_233' title='bbox 779 3305 975 3389; x_wconf 84' lang='lat' dir='ltr'>imperfectum</span> <span class='ocrx_word' id='word_1_234' title='bbox 984 3310 1157 3382; x_wconf 89' lang='lat' dir='ltr'>relinquere.</span> <span class='ocrx_word' id='word_1_235' title='bbox 1186 3317 1205 3345; x_wconf 79' lang='lat'>‘⁶</span> <span class='ocrx_word' id='word_1_236' title='bbox 1215 3309 1342 3368; x_wconf 90' lang='lat' dir='ltr'>Nullus”</span> 
     </span>
     <span class='ocr_line' id='line_1_29' title="bbox 251 3407 1342 3485; baseline 0.002 -20"><span class='ocrx_word' id='word_1_237' title='bbox 251 3407 343 3480; x_wconf 90' lang='lat' dir='ltr'>inquit</span> <span class='ocrx_word' id='word_1_238' title='bbox 362 3408 516 3467; x_wconf 88' lang='lat' dir='ltr'>concilium</span> <span class='ocrx_word' id='word_1_239' title='bbox 536 3408 710 3470; x_wconf 85' lang='lat' dir='ltr'>Toletanum</span> <span class='ocrx_word' id='word_1_240' title='bbox 731 3408 800 3467; x_wconf 91' lang='lat' dir='ltr'><strong>VII.</strong></span> <span class='ocrx_word' id='word_1_241' title='bbox 824 3409 961 3482; x_wconf 87' lang='lat' dir='ltr'>“absque</span> <span class='ocrx_word' id='word_1_242' title='bbox 982 3419 1121 3485; x_wconf 84' lang='lat' dir='ltr'>proventu</span> <span class='ocrx_word' id='word_1_243' title='bbox 1141 3410 1261 3485; x_wconf 86' lang='lat' dir='ltr'>patentis</span> <span class='ocrx_word' id='word_1_244' title='bbox 1283 3427 1342 3467; x_wconf 89' lang='lat' dir='ltr'>mo·</span> 
     </span>
    </p>
   </div>
   <div class='ocr_carea' id='block_1_4' title="bbox 250 3499 1439 3585">
    <p class='ocr_par' dir='ltr' id='par_1_6' title="bbox 250 3499 1439 3585">
     <span class='ocr_line' id='line_1_30' title="bbox 250 3499 1439 3585; baseline -0.001 -20"><span class='ocrx_word' id='word_1_245' title='bbox 250 3506 351 3575; x_wconf 83' lang='lat' dir='ltr'>lestiae,</span> <span class='ocrx_word' id='word_1_246' title='bbox 366 3508 505 3576; x_wconf 81' lang='lat' dir='ltr'>minister,</span> <span class='ocrx_word' id='word_1_247' title='bbox 521 3509 567 3564; x_wconf 90' lang='lat' dir='ltr'>vel</span> <span class='ocrx_word' id='word_1_248' title='bbox 586 3507 730 3575; x_wconf 84' lang='lat' dir='ltr'>sacerdos,</span> <span class='ocrx_word' id='word_1_249' title='bbox 745 3527 811 3567; x_wconf 91' lang='lat' dir='ltr'>cum</span> <span class='ocrx_word' id='word_1_250' title='bbox 833 3509 960 3584; x_wconf 84' lang='lat' dir='ltr'>coeperit,</span> <span class='ocrx_word' id='word_1_251' title='bbox 980 3509 1147 3585; x_wconf 78' lang='lat' dir='ltr'>imperfecta</span> <span class='ocrx_word' id='word_1_252' title='bbox 1160 3507 1254 3565; x_wconf 89' lang='lat' dir='ltr'>officia</span> <span class='ocrx_word' id='word_1_253' title='bbox 1273 3525 1345 3582; x_wconf 85' lang='lat' dir='ltr'>prae·</span> <span class='ocrx_word' id='word_1_254' title='bbox 1438 3499 1439 3504; x_wconf 33' lang='lat'>¹</span> 
     </span>
    </p>
   </div>
   <div class='ocr_carea' id='block_1_5' title="bbox 249 3586 1425 4090">
    <p class='ocr_par' dir='ltr' id='par_1_7' title="bbox 249 3586 1425 4090">
     <span class='ocr_line' id='line_1_31' title="bbox 251 3586 1425 3689; baseline -0.002 -29"><span class='ocrx_word' id='word_1_255' title='bbox 251 3612 345 3661; x_wconf 88' lang='lat' dir='ltr'>sumat</span> <span class='ocrx_word' id='word_1_256' title='bbox 357 3608 475 3689; x_wconf 82' lang='lat' dir='ltr'>omnino</span> <span class='ocrx_word' id='word_1_257' title='bbox 487 3586 706 3678; x_wconf 73' lang='lat' dir='ltr'>&#39;relinquere.³’⁵&#39;</span> <span class='ocrx_word' id='word_1_258' title='bbox 745 3606 778 3664; x_wconf 83' lang='lat' dir='ltr'>Si</span> <span class='ocrx_word' id='word_1_259' title='bbox 793 3609 856 3680; x_wconf 93' lang='lat' dir='ltr'>quis</span> <span class='ocrx_word' id='word_1_260' title='bbox 871 3615 936 3685; x_wconf 90' lang='lat' dir='ltr'>post</span> <span class='ocrx_word' id='word_1_261' title='bbox 949 3607 1196 3665; x_wconf 89' lang='lat' dir='ltr'>consecrationem</span> <span class='ocrx_word' id='word_1_262' title='bbox 1209 3603 1344 3664; x_wconf 87' lang='lat' dir='ltr'>recedere</span> <span class='ocrx_word' id='word_1_263' title='bbox 1423 3653 1425 3658; x_wconf 91' lang='lat'><em>.</em></span> 
     </span>
     <span class='ocr_line' id='line_1_32' title="bbox 250 3699 1342 3782; baseline 0.002 -22"><span class='ocrx_word' id='word_1_264' title='bbox 250 3703 416 3778; x_wconf 85' lang='lat' dir='ltr'>cogatur&#39;ob</span> <span class='ocrx_word' id='word_1_265' title='bbox 436 3723 551 3782; x_wconf 89' lang='lat' dir='ltr'>gravem</span> <span class='ocrx_word' id='word_1_266' title='bbox 572 3703 779 3780; x_wconf 75' lang='lat' dir='ltr'>egritudinem,</span> <span class='ocrx_word' id='word_1_267' title='bbox 794 3706 888 3774; x_wconf 89' lang='lat' dir='ltr'>debet,</span> <span class='ocrx_word' id='word_1_268' title='bbox 902 3706 927 3763; x_wconf 86' lang='lat' dir='ltr'>si</span> <span class='ocrx_word' id='word_1_269' title='bbox 940 3707 1039 3774; x_wconf 88' lang='lat' dir='ltr'>valeat,</span> <span class='ocrx_word' id='word_1_270' title='bbox 1054 3703 1156 3770; x_wconf 86' lang='lat' dir='ltr'>redire,</span> <span class='ocrx_word' id='word_1_271' title='bbox 1171 3699 1202 3760; x_wconf 83' lang='lat' dir='ltr'>ut</span> <span class='ocrx_word' id='word_1_272' title='bbox 1214 3703 1342 3782; x_wconf 86' lang='lat' dir='ltr'>perficiat</span> 
     </span>
     <span class='ocr_line' id='line_1_33' title="bbox 249 3800 1343 3878; baseline 0.003 -19"><span class='ocrx_word' id='word_1_273' title='bbox 249 3800 441 3872; x_wconf 68' lang='lat' dir='ltr'>sacrificium</span> <span class='ocrx_word' id='word_1_274' title='bbox 463 3805 488 3862; x_wconf 88' lang='lat' dir='ltr'>si</span> <span class='ocrx_word' id='word_1_275' title='bbox 508 3821 566 3862; x_wconf 91' lang='lat' dir='ltr'>non</span> <span class='ocrx_word' id='word_1_276' title='bbox 586 3804 686 3878; x_wconf 85' lang='lat' dir='ltr'>possit,</span> <span class='ocrx_word' id='word_1_277' title='bbox 701 3803 856 3865; x_wconf 90' lang='lat' dir='ltr'>curandum</span> <span class='ocrx_word' id='word_1_278' title='bbox 877 3814 922 3862; x_wconf 90' lang='lat' dir='ltr'>est</span> <span class='ocrx_word' id='word_1_279' title='bbox 940 3815 972 3867; x_wconf 87' lang='lat' dir='ltr'>ut</span> <span class='ocrx_word' id='word_1_280' title='bbox 984 3803 1118 3864; x_wconf 86' lang='lat' dir='ltr'>sacerdos</span> <span class='ocrx_word' id='word_1_281' title='bbox 1132 3803 1215 3872; x_wconf 85' lang='lat' dir='ltr'>alius,</span> <span class='ocrx_word' id='word_1_282' title='bbox 1230 3805 1343 3862; x_wconf 89' lang='lat' dir='ltr'>etiamsi</span> 
     </span>
     <span class='ocr_line' id='line_1_34' title="bbox 250 3901 1343 3983; baseline 0 -21"><span class='ocrx_word' id='word_1_283' title='bbox 250 3906 308 3962; x_wconf 82' lang='lat' dir='ltr'>uon</span> <span class='ocrx_word' id='word_1_284' title='bbox 312 3903 442 3980; x_wconf 89' lang='lat' dir='ltr'>jejunus,</span> <span class='ocrx_word' id='word_1_285' title='bbox 452 3902 589 3980; x_wconf 88' lang='lat' dir='ltr'>perficiat.</span> <span class='ocrx_word' id='word_1_286' title='bbox 600 3901 803 3962; x_wconf 87' lang='lat' dir='ltr'>Recedendum</span> <span class='ocrx_word' id='word_1_287' title='bbox 813 3915 866 3974; x_wconf 91' lang='lat' dir='ltr'>est,</span> <span class='ocrx_word' id='word_1_288' title='bbox 876 3905 902 3963; x_wconf 90' lang='lat' dir='ltr'>si</span> <span class='ocrx_word' id='word_1_289' title='bbox 910 3906 1017 3978; x_wconf 92' lang='lat' dir='ltr'>absque</span> <span class='ocrx_word' id='word_1_290' title='bbox 1025 3903 1161 3962; x_wconf 89' lang='lat' dir='ltr'>seandalo</span> <span class='ocrx_word' id='word_1_291' title='bbox 1171 3903 1234 3962; x_wconf 86' lang='lat' dir='ltr'>ficri</span> <span class='ocrx_word' id='word_1_292' title='bbox 1240 3905 1343 3983; x_wconf 88' lang='lat' dir='ltr'>possit,</span> 
     </span>
     <span class='ocr_line' id='line_1_35' title="bbox 251 4001 1346 4090; baseline 0 -30"><span class='ocrx_word' id='word_1_293' title='bbox 251 4003 363 4076; x_wconf 83' lang='lat' dir='ltr'>quoties</span> <span class='ocrx_word' id='word_1_294' title='bbox 378 4005 441 4076; x_wconf 90' lang='lat' dir='ltr'>quis</span> <span class='ocrx_word' id='word_1_295' title='bbox 456 4011 519 4062; x_wconf 90' lang='lat' dir='ltr'>ante</span> <span class='ocrx_word' id='word_1_296' title='bbox 534 4003 789 4090; x_wconf 68' lang='lat' dir='ltr'>consecrationem¹</span> <span class='ocrx_word' id='word_1_297' title='bbox 800 4001 910 4082; x_wconf 89' lang='lat' dir='ltr'>peccati</span> <span class='ocrx_word' id='word_1_298' title='bbox 924 4003 1052 4064; x_wconf 85' lang='lat' dir='ltr'>mortalis</span> <span class='ocrx_word' id='word_1_299' title='bbox 1076 4005 1132 4064; x_wconf 93' lang='lat' dir='ltr'>sibi</span> <span class='ocrx_word' id='word_1_300' title='bbox 1153 4003 1185 4062; x_wconf 87' lang='lat' dir='ltr'>fit</span> <span class='ocrx_word' id='word_1_301' title='bbox 1204 4005 1346 4071; x_wconf 88' lang='lat' dir='ltr'>conscius,</span> 
     </span>
    </p>
   </div>
   <div class='ocr_carea' id='block_1_6' title="bbox 250 4169 1344 4487">
    <p class='ocr_par' dir='ltr' id='par_1_8' title="bbox 250 4169 1344 4323">
     <span class='ocr_line' id='line_1_36' title="bbox 285 4169 1344 4236; baseline -0.001 -18"><span class='ocrx_word' id='word_1_302' title='bbox 285 4171 328 4236; x_wconf 92' lang='lat' dir='ltr'>(l)</span> <span class='ocrx_word' id='word_1_303' title='bbox 347 4169 413 4220; x_wconf 75' lang='lat' dir='ltr'>sess.</span> <span class='ocrx_word' id='word_1_304' title='bbox 423 4171 484 4221; x_wconf 84' lang='lat' dir='ltr'>xxii.</span> <span class='ocrx_word' id='word_1_305' title='bbox 492 4171 523 4220; x_wconf 90' lang='lat' dir='ltr'>-iu</span> <span class='ocrx_word' id='word_1_306' title='bbox 534 4169 585 4221; x_wconf 86' lang='lat' dir='ltr'>dec.</span> <span class='ocrx_word' id='word_1_307' title='bbox 596 4169 626 4220; x_wconf 78' lang='lat' dir='ltr'>de</span> <span class='ocrx_word' id='word_1_308' title='bbox 636 4169 726 4222; x_wconf 80' lang='lat' dir='ltr'>obsera.</span> <span class='ocrx_word' id='word_1_309' title='bbox 738 4171 864 4222; x_wconf 70' lang='lat' dir='ltr'>steatitis</span> <span class='ocrx_word' id='word_1_310' title='bbox 876 4171 918 4220; x_wconf 87' lang='lat' dir='ltr'>ecl.</span> <span class='ocrx_word' id='word_1_311' title='bbox 929 4171 1020 4222; x_wconf 67' lang='lat' dir='ltr'>Missae.</span> <span class='ocrx_word' id='word_1_312' title='bbox 1043 4171 1103 4221; x_wconf 89' lang='lat' dir='ltr'>Vidc</span> <span class='ocrx_word' id='word_1_313' title='bbox 1114 4171 1205 4220; x_wconf 86' lang='lat' dir='ltr'>rituum</span> <span class='ocrx_word' id='word_1_314' title='bbox 1214 4171 1344 4235; x_wconf 84' lang='lat' dir='ltr'>plerorum-</span> 
     </span>
     <span class='ocr_line' id='line_1_37' title="bbox 250 4256 1162 4323; baseline 0 -19"><span class='ocrx_word' id='word_1_315' title='bbox 250 4271 298 4318; x_wconf 88' lang='lat' dir='ltr'>que</span> <span class='ocrx_word' id='word_1_316' title='bbox 306 4257 492 4320; x_wconf 83' lang='lat' dir='ltr'>explicationem</span> <span class='ocrx_word' id='word_1_317' title='bbox 503 4257 569 4321; x_wconf 85' lang='lat' dir='ltr'>apud</span> <span class='ocrx_word' id='word_1_318' title='bbox 580 4257 606 4306; x_wconf 82' lang='lat' dir='ltr'>S.</span> <span class='ocrx_word' id='word_1_319' title='bbox 618 4256 708 4307; x_wconf 84' lang='lat' dir='ltr'>Thom.</span> <span class='ocrx_word' id='word_1_320' title='bbox 721 4257 754 4306; x_wconf 92' lang='lat' dir='ltr'>iii.</span> <span class='ocrx_word' id='word_1_321' title='bbox 767 4272 791 4320; x_wconf 90' lang='lat' dir='ltr'>p.</span> <span class='ocrx_word' id='word_1_322' title='bbox 802 4273 843 4320; x_wconf 87' lang='lat' dir='ltr'>qu.</span> <span class='ocrx_word' id='word_1_323' title='bbox 855 4257 949 4308; x_wconf 83' lang='lat' dir='ltr'>lxxxiii.</span> <span class='ocrx_word' id='word_1_324' title='bbox 962 4263 1005 4306; x_wconf 86' lang='lat' dir='ltr'>art</span> <span class='ocrx_word' id='word_1_325' title='bbox 1017 4256 1049 4305; x_wconf 82' lang='lat' dir='ltr'>iu.</span> <span class='ocrx_word' id='word_1_326' title='bbox 1085 4257 1162 4323; x_wconf 80' lang='lat' dir='ltr'>Resp.</span> 
     </span>
    </p>

    <p class='ocr_par' dir='ltr' id='par_1_9' title="bbox 284 4339 1152 4408">
     <span class='ocr_line' id='line_1_38' title="bbox 284 4339 1152 4408; baseline 0.006 -22"><span class='ocrx_word' id='word_1_327' title='bbox 284 4339 327 4404; x_wconf 79' lang='lat'>(2)</span> <span class='ocrx_word' id='word_1_328' title='bbox 348 4339 374 4390; x_wconf 81' lang='lat' dir='ltr'>S.</span> <span class='ocrx_word' id='word_1_329' title='bbox 386 4341 460 4405; x_wconf 82' lang='lat' dir='ltr'>Alph.</span> <span class='ocrx_word' id='word_1_330' title='bbox 472 4342 531 4392; x_wconf 85' lang='lat' dir='ltr'>lvi.</span> <span class='ocrx_word' id='word_1_331' title='bbox 543 4359 569 4390; x_wconf 89' lang='lat' dir='ltr'>n.</span> <span class='ocrx_word' id='word_1_332' title='bbox 580 4344 638 4390; x_wconf 81' lang='lat'><strong>399.</strong></span> <span class='ocrx_word' id='word_1_333' title='bbox 850 4343 893 4408; x_wconf 88' lang='grc'>(3)</span> <span class='ocrx_word' id='word_1_334' title='bbox 912 4341 977 4391; x_wconf 83' lang='lat' dir='ltr'>Sese.</span> <span class='ocrx_word' id='word_1_335' title='bbox 988 4341 1039 4390; x_wconf 83' lang='lat' dir='ltr'>xxi.</span> <span class='ocrx_word' id='word_1_336' title='bbox 1049 4357 1103 4391; x_wconf 87' lang='lat' dir='ltr'>can.</span> <span class='ocrx_word' id='word_1_337' title='bbox 1117 4342 1152 4392; x_wconf 82' lang='lat' dir='ltr'>ix..</span> 
     </span>
    </p>

    <p class='ocr_par' dir='ltr' id='par_1_10' title="bbox 285 4423 634 4487">
     <span class='ocr_line' id='line_1_39' title="bbox 285 4423 634 4487; baseline 0.017 -19"><span class='ocrx_word' id='word_1_338' title='bbox 285 4423 327 4487; x_wconf 81' lang='lat'>(4)</span> <span class='ocrx_word' id='word_1_339' title='bbox 347 4423 373 4470; x_wconf 82' lang='lat' dir='ltr'>S.</span> <span class='ocrx_word' id='word_1_340' title='bbox 381 4424 455 4487; x_wconf 88' lang='lat' dir='ltr'>Alph.</span> <span class='ocrx_word' id='word_1_341' title='bbox 468 4426 483 4476; x_wconf 90' lang='grc'>1.</span> <span class='ocrx_word' id='word_1_342' title='bbox 495 4427 526 4475; x_wconf 81' lang='lat' dir='ltr'>vi</span> <span class='ocrx_word' id='word_1_343' title='bbox 539 4443 564 4476; x_wconf 86' lang='lat' dir='ltr'>n.</span> <span class='ocrx_word' id='word_1_344' title='bbox 575 4429 634 4476; x_wconf 83' lang='lat'><strong>400.</strong></span> 
     </span>
    </p>
   </div>
   <div class='ocr_carea' id='block_1_7' title="bbox 283 4505 1061 4575">
    <p class='ocr_par' dir='ltr' id='par_1_11' title="bbox 283 4505 1061 4575">
     <span class='ocr_line' id='line_1_40' title="bbox 283 4505 1061 4575; baseline 0.006 -20"><span class='ocrx_word' id='word_1_345' title='bbox 283 4509 325 4575; x_wconf 82' lang='lat'>(5)</span> <span class='ocrx_word' id='word_1_346' title='bbox 346 4505 429 4556; x_wconf 83' lang='lat' dir='ltr'>Causa</span> <span class='ocrx_word' id='word_1_347' title='bbox 439 4508 480 4558; x_wconf 84' lang='lat' dir='ltr'>vii.</span> <span class='ocrx_word' id='word_1_348' title='bbox 492 4524 533 4573; x_wconf 90' lang='lat' dir='ltr'>qu.</span> <span class='ocrx_word' id='word_1_349' title='bbox 543 4511 559 4561; x_wconf 91' lang='lat' dir='ltr'>i.</span> <span class='ocrx_word' id='word_1_350' title='bbox 568 4527 596 4572; x_wconf 76' lang='lat' dir='ltr'>p.</span> <span class='ocrx_word' id='word_1_351' title='bbox 611 4513 649 4559; x_wconf 88' lang='grc'>16.</span> <span class='ocrx_word' id='word_1_352' title='bbox 669 4509 714 4560; x_wconf 80' lang='lat' dir='ltr'>Nil</span> <span class='ocrx_word' id='word_1_353' title='bbox 723 4517 808 4562; x_wconf 85' lang='lat' dir='ltr'>eontra</span> <span class='ocrx_word' id='word_1_354' title='bbox 820 4511 917 4563; x_wconf 77' lang='lat' dir='ltr'>ordinis</span> <span class='ocrx_word' id='word_1_355' title='bbox 928 4515 1061 4564; x_wconf 77' lang='lat' dir='ltr'>statutum.</span> 
     </span>
    </p>
   </div>
   <div class='ocr_carea' id='block_1_8' title="bbox 0 0 1590 5172">
    <p class='ocr_par' dir='ltr' id='par_1_12' title="bbox 0 0 1590 5172">
     <span class='ocr_line' id='line_1_41' title="bbox 0 0 1590 5172; baseline 0 2"><span class='ocrx_word' id='word_1_356' title='bbox 0 0 1590 5172; x_wconf 95' lang='lat' dir='ltr'> </span> 
     </span>
    </p>
   </div>
  </div>
 </body>
</html>
