<?xml version="1.0" encoding="UTF-8"?>
<!DOCTYPE html PUBLIC "-//W3C//DTD XHTML 1.0 Transitional//EN"
    "http://www.w3.org/TR/xhtml1/DTD/xhtml1-transitional.dtd">
<html xmlns="http://www.w3.org/1999/xhtml" xml:lang="en" lang="en">
 <head>
  <title>
</title>
<meta http-equiv="Content-Type" content="text/html;charset=utf-8" />
  <meta name='ocr-system' content='tesseract 3.04.00' />
  <meta name='ocr-capabilities' content='ocr_page ocr_carea ocr_par ocr_line ocrx_word'/>
</head>
<body>
  <div class='ocr_page' id='page_1' title='image "./theologiaemoral02kenrgoog_0227.png"; bbox 0 0 3144 5192; ppageno 0'>
   <div class='ocr_carea' id='block_1_1' title="bbox 255 552 995 632">
    <p class='ocr_par' dir='ltr' id='par_1_1' title="bbox 255 552 995 632">
     <span class='ocr_line' id='line_1_1' title="bbox 255 552 995 632; baseline -0.014 -1"><span class='ocrx_word' id='word_1_1' title='bbox 255 575 314 632; x_wconf 80' lang='lat'><strong>210</strong></span> <span class='ocrx_word' id='word_1_2' title='bbox 605 563 662 624; x_wconf 79' lang='lat' dir='ltr'><strong>ne</strong></span> <span class='ocrx_word' id='word_1_3' title='bbox 684 552 995 624; x_wconf 75' lang='lat' dir='ltr'><strong>nusotuuloun.</strong></span> 
     </span>
    </p>
   </div>
   <div class='ocr_carea' id='block_1_2' title="bbox 216 728 1434 4385">
    <p class='ocr_par' dir='ltr' id='par_1_2' title="bbox 216 728 1434 4183">
     <span class='ocr_line' id='line_1_2' title="bbox 258 728 1352 816; baseline -0.007 -22"><span class='ocrx_word' id='word_1_4' title='bbox 258 754 344 816; x_wconf 83' lang='lat' dir='ltr'><strong>grave</strong></span> <span class='ocrx_word' id='word_1_5' title='bbox 358 733 449 802; x_wconf 75' lang='lat' dir='ltr'><strong>adbit,</strong></span> <span class='ocrx_word' id='word_1_6' title='bbox 465 732 611 792; x_wconf 87' lang='lat' dir='ltr'><strong>adeoutin</strong></span> <span class='ocrx_word' id='word_1_7' title='bbox 624 751 657 790; x_wconf 91' lang='lat' dir='ltr'><strong>ea</strong></span> <span class='ocrx_word' id='word_1_8' title='bbox 666 731 833 808; x_wconf 89' lang='lat' dir='ltr'><strong>plerumque</strong></span> <span class='ocrx_word' id='word_1_9' title='bbox 846 739 976 808; x_wconf 79' lang='lat' dir='ltr'>peccent,</span> <span class='ocrx_word' id='word_1_10' title='bbox 986 729 1100 788; x_wconf 78' lang='lat' dir='ltr'><strong>occasio</strong></span> <span class='ocrx_word' id='word_1_11' title='bbox 1110 728 1245 806; x_wconf 88' lang='lat' dir='ltr'><strong>proxima</strong></span> <span class='ocrx_word' id='word_1_12' title='bbox 1252 746 1310 807; x_wconf 85' lang='lat' dir='ltr'><strong>per</strong></span> <span class='ocrx_word' id='word_1_13' title='bbox 1322 747 1352 787; x_wconf 87' lang='lat' dir='ltr'><strong>ac</strong></span> 
     </span>
     <span class='ocr_line' id='line_1_3' title="bbox 260 827 1352 910; baseline -0.007 -16"><span class='ocrx_word' id='word_1_14' title='bbox 260 837 379 896; x_wconf 86' lang='lat' dir='ltr'><strong>dicitur:</strong></span> <span class='ocrx_word' id='word_1_15' title='bbox 410 834 451 892; x_wconf 91' lang='lat' dir='ltr'><strong>sio</strong></span> <span class='ocrx_word' id='word_1_16' title='bbox 477 831 579 910; x_wconf 78' lang='lat' dir='ltr'><strong>puellm</strong></span> <span class='ocrx_word' id='word_1_17' title='bbox 604 831 808 891; x_wconf 82' lang='lat' dir='ltr'><strong>lascivibundoe</strong></span> <span class='ocrx_word' id='word_1_18' title='bbox 835 830 1009 889; x_wconf 77' lang='lat' dir='ltr'><strong>consortium</strong></span> <span class='ocrx_word' id='word_1_19' title='bbox 1031 827 1207 896; x_wconf 87' lang='lat' dir='ltr'><strong>diuturnum,</strong></span> <span class='ocrx_word' id='word_1_20' title='bbox 1234 830 1352 887; x_wconf 90' lang='lat' dir='ltr'><strong>semotis</strong></span> 
     </span>
     <span class='ocr_line' id='line_1_4' title="bbox 261 927 1352 1010; baseline -0.006 -16"><span class='ocrx_word' id='word_1_21' title='bbox 261 934 383 1001; x_wconf 87' lang='lat' dir='ltr'><strong>arbitris,</strong></span> <span class='ocrx_word' id='word_1_22' title='bbox 397 943 441 992; x_wconf 90' lang='lat' dir='ltr'><strong>est</strong></span> <span class='ocrx_word' id='word_1_23' title='bbox 452 934 567 992; x_wconf 84' lang='lat' dir='ltr'><strong>occasio</strong></span> <span class='ocrx_word' id='word_1_24' title='bbox 587 931 719 1010; x_wconf 82' lang='lat' dir='ltr'><strong>proxima</strong></span> <span class='ocrx_word' id='word_1_25' title='bbox 728 948 783 1010; x_wconf 88' lang='lat' dir='ltr'><strong>per</strong></span> <span class='ocrx_word' id='word_1_26' title='bbox 796 947 827 987; x_wconf 85' lang='lat' dir='ltr'><strong>ae</strong></span> <span class='ocrx_word' id='word_1_27' title='bbox 847 929 1044 1006; x_wconf 73' lang='lat' dir='ltr'><strong>impudicitia.</strong></span> <span class='ocrx_word' id='word_1_28' title='bbox 1075 927 1199 986; x_wconf 81' lang='lat' dir='ltr'><strong>Occasio</strong></span> <span class='ocrx_word' id='word_1_29' title='bbox 1219 929 1352 1005; x_wconf 88' lang='lat' dir='ltr'><strong>proxima</strong></span> 
     </span>
     <span class='ocr_line' id='line_1_5' title="bbox 256 1026 1354 1114; baseline -0.006 -21"><span class='ocrx_word' id='word_1_30' title='bbox 256 1053 312 1114; x_wconf 85' lang='lat' dir='ltr'><strong>per</strong></span> <span class='ocrx_word' id='word_1_31' title='bbox 325 1032 463 1094; x_wconf 82' lang='lat' dir='ltr'><strong>accidens</strong></span> <span class='ocrx_word' id='word_1_32' title='bbox 483 1032 584 1094; x_wconf 85' lang='lat' dir='ltr'><strong>dicitur</strong></span> <span class='ocrx_word' id='word_1_33' title='bbox 604 1029 742 1104; x_wconf 90' lang='lat' dir='ltr'><strong>quidquid</strong></span> <span class='ocrx_word' id='word_1_34' title='bbox 756 1047 841 1106; x_wconf 87' lang='lat' dir='ltr'><strong>grave</strong></span> <span class='ocrx_word' id='word_1_35' title='bbox 854 1029 953 1106; x_wconf 87' lang='lat' dir='ltr'><strong>lapsus</strong></span> <span class='ocrx_word' id='word_1_36' title='bbox 967 1027 1127 1105; x_wconf 87' lang='lat' dir='ltr'><strong>perieulum</strong></span> <span class='ocrx_word' id='word_1_37' title='bbox 1148 1027 1229 1086; x_wconf 89' lang='lat' dir='ltr'><strong>affert</strong></span> <span class='ocrx_word' id='word_1_38' title='bbox 1241 1026 1354 1086; x_wconf 89' lang='lat' dir='ltr'><strong>cuidam</strong></span> 
     </span>
     <span class='ocr_line' id='line_1_6' title="bbox 261 1127 1355 1211; baseline -0.007 -19"><span class='ocrx_word' id='word_1_39' title='bbox 261 1137 297 1194; x_wconf 93' lang='lat' dir='ltr'><strong>ob</strong></span> <span class='ocrx_word' id='word_1_40' title='bbox 311 1133 464 1211; x_wconf 83' lang='lat' dir='ltr'><strong>specialem</strong></span> <span class='ocrx_word' id='word_1_41' title='bbox 478 1132 541 1208; x_wconf 87' lang='lat' dir='ltr'><strong>ejus</strong></span> <span class='ocrx_word' id='word_1_42' title='bbox 555 1128 743 1206; x_wconf 82' lang='lat' dir='ltr'><strong>fragilitatem,</strong></span> <span class='ocrx_word' id='word_1_43' title='bbox 758 1128 829 1187; x_wconf 86' lang='lat' dir='ltr'><strong>adeo</strong></span> <span class='ocrx_word' id='word_1_44' title='bbox 843 1138 873 1186; x_wconf 90' lang='lat' dir='ltr'><strong>ut</strong></span> <span class='ocrx_word' id='word_1_45' title='bbox 886 1127 1047 1200; x_wconf 86' lang='lat' dir='ltr'><strong>frequenter</strong></span> <span class='ocrx_word' id='word_1_46' title='bbox 1060 1127 1090 1184; x_wconf 88' lang='lat' dir='ltr'><strong>in</strong></span> <span class='ocrx_word' id='word_1_47' title='bbox 1102 1146 1136 1185; x_wconf 87' lang='lat' dir='ltr'><strong>ea</strong></span> <span class='ocrx_word' id='word_1_48' title='bbox 1149 1137 1266 1204; x_wconf 82' lang='lat' dir='ltr'><strong>peccet3</strong></span> <span class='ocrx_word' id='word_1_49' title='bbox 1287 1127 1355 1186; x_wconf 88' lang='lat' dir='ltr'><strong>licet</strong></span> 
     </span>
     <span class='ocr_line' id='line_1_7' title="bbox 262 1225 1352 1310; baseline -0.006 -19"><span class='ocrx_word' id='word_1_50' title='bbox 262 1234 406 1310; x_wconf 89' lang='lat' dir='ltr'><strong>plerisque</strong></span> <span class='ocrx_word' id='word_1_51' title='bbox 420 1249 479 1288; x_wconf 93' lang='lat' dir='ltr'><strong>non</strong></span> <span class='ocrx_word' id='word_1_52' title='bbox 499 1237 610 1286; x_wconf 88' lang='lat' dir='ltr'><strong>noceat.</strong></span> <span class='ocrx_word' id='word_1_53' title='bbox 652 1228 701 1286; x_wconf 84' lang='lat' dir='ltr'><strong>Sic</strong></span> <span class='ocrx_word' id='word_1_54' title='bbox 715 1237 799 1304; x_wconf 90' lang='lat' dir='ltr'><strong>potus</strong></span> <span class='ocrx_word' id='word_1_55' title='bbox 814 1227 946 1286; x_wconf 89' lang='lat' dir='ltr'><strong>modicus</strong></span> <span class='ocrx_word' id='word_1_56' title='bbox 960 1228 1030 1294; x_wconf 91' lang='lat' dir='ltr'><strong>vini,</strong></span> <span class='ocrx_word' id='word_1_57' title='bbox 1046 1225 1091 1284; x_wconf 89' lang='lat' dir='ltr'><strong>vel</strong></span> <span class='ocrx_word' id='word_1_58' title='bbox 1105 1227 1219 1284; x_wconf 87' lang='lat' dir='ltr'><strong>alterius</strong></span> <span class='ocrx_word' id='word_1_59' title='bbox 1232 1227 1352 1299; x_wconf 90' lang='lat' dir='ltr'><strong>liquoris</strong></span> 
     </span>
     <span class='ocr_line' id='line_1_8' title="bbox 263 1325 1356 1404; baseline -0.006 -15"><span class='ocrx_word' id='word_1_60' title='bbox 263 1341 306 1390; x_wconf 90' lang='lat' dir='ltr'><strong>est</strong></span> <span class='ocrx_word' id='word_1_61' title='bbox 319 1329 489 1404; x_wconf 90' lang='lat' dir='ltr'><strong>quibusdam</strong></span> <span class='ocrx_word' id='word_1_62' title='bbox 505 1327 635 1404; x_wconf 87' lang='lat' dir='ltr'><strong>proxima</strong></span> <span class='ocrx_word' id='word_1_63' title='bbox 648 1327 791 1386; x_wconf 79' lang='lat' dir='ltr'><strong>ebrietatis</strong></span> <span class='ocrx_word' id='word_1_64' title='bbox 811 1327 935 1386; x_wconf 87' lang='lat' dir='ltr'><strong>occasio.</strong></span> <span class='ocrx_word' id='word_1_65' title='bbox 976 1325 1105 1385; x_wconf 83' lang='lat' dir='ltr'><strong>Remoto</strong></span> <span class='ocrx_word' id='word_1_66' title='bbox 1125 1325 1241 1386; x_wconf 85' lang='lat' dir='ltr'><strong>occasio</strong></span> <span class='ocrx_word' id='word_1_67' title='bbox 1255 1325 1356 1384; x_wconf 88' lang='lat' dir='ltr'><strong>dicitur</strong></span> 
     </span>
     <span class='ocr_line' id='line_1_9' title="bbox 263 1424 1357 1503; baseline -0.006 -14"><span class='ocrx_word' id='word_1_68' title='bbox 263 1431 312 1490; x_wconf 90' lang='lat' dir='ltr'><strong>illa</strong></span> <span class='ocrx_word' id='word_1_69' title='bbox 326 1431 421 1500; x_wconf 87' lang='lat' dir='ltr'><strong>inqua</strong></span> <span class='ocrx_word' id='word_1_70' title='bbox 434 1427 568 1487; x_wconf 90' lang='lat' dir='ltr'><strong>homines</strong></span> <span class='ocrx_word' id='word_1_71' title='bbox 582 1426 749 1503; x_wconf 84' lang='lat' dir='ltr'><strong>plerumque</strong></span> <span class='ocrx_word' id='word_1_72' title='bbox 759 1445 816 1485; x_wconf 93' lang='lat' dir='ltr'><strong>non</strong></span> <span class='ocrx_word' id='word_1_73' title='bbox 830 1434 959 1503; x_wconf 90' lang='lat' dir='ltr'><strong>peccant,</strong></span> <span class='ocrx_word' id='word_1_74' title='bbox 970 1425 1100 1498; x_wconf 85' lang='lat' dir='ltr'><strong>quamvis</strong></span> <span class='ocrx_word' id='word_1_75' title='bbox 1115 1424 1266 1498; x_wconf 89' lang='lat' dir='ltr'><strong>aliquando</strong></span> <span class='ocrx_word' id='word_1_76' title='bbox 1279 1427 1308 1483; x_wconf 90' lang='lat' dir='ltr'><strong>iu</strong></span> <span class='ocrx_word' id='word_1_77' title='bbox 1322 1444 1357 1482; x_wconf 92' lang='lat' dir='ltr'><strong>ea</strong></span> 
     </span>
     <span class='ocr_line' id='line_1_10' title="bbox 265 1523 1355 1605; baseline -0.006 -18"><span class='ocrx_word' id='word_1_78' title='bbox 265 1526 350 1588; x_wconf 88' lang='lat' dir='ltr'><strong>etiam</strong></span> <span class='ocrx_word' id='word_1_79' title='bbox 364 1537 493 1605; x_wconf 85' lang='lat' dir='ltr'><strong>peccent.</strong></span> <span class='ocrx_word' id='word_1_80' title='bbox 535 1527 584 1584; x_wconf 87' lang='lat' dir='ltr'><strong>Sic</strong></span> <span class='ocrx_word' id='word_1_81' title='bbox 599 1526 741 1598; x_wconf 89' lang='lat' dir='ltr'><strong>colloquia</strong></span> <span class='ocrx_word' id='word_1_82' title='bbox 761 1544 826 1584; x_wconf 88' lang='lat' dir='ltr'><strong>cum</strong></span> <span class='ocrx_word' id='word_1_83' title='bbox 841 1527 952 1593; x_wconf 88' lang='lat' dir='ltr'><strong>amicis,</strong></span> <span class='ocrx_word' id='word_1_84' title='bbox 966 1523 1164 1593; x_wconf 87' lang='lat' dir='ltr'><strong>deambulatio,</strong></span> <span class='ocrx_word' id='word_1_85' title='bbox 1176 1534 1205 1582; x_wconf 88' lang='lat' dir='ltr'><strong>et</strong></span> <span class='ocrx_word' id='word_1_86' title='bbox 1225 1543 1355 1582; x_wconf 89' lang='lat' dir='ltr'><strong>necessa·</strong></span> 
     </span>
     <span class='ocr_line' id='line_1_11' title="bbox 265 1624 1354 1701; baseline -0.007 -12"><span class='ocrx_word' id='word_1_87' title='bbox 265 1631 338 1690; x_wconf 87' lang='lat' dir='ltr'><strong>riurn</strong></span> <span class='ocrx_word' id='word_1_88' title='bbox 353 1646 418 1686; x_wconf 91' lang='lat' dir='ltr'><strong>cum</strong></span> <span class='ocrx_word' id='word_1_89' title='bbox 432 1626 596 1685; x_wconf 86' lang='lat' dir='ltr'><strong>concivibus</strong></span> <span class='ocrx_word' id='word_1_90' title='bbox 616 1626 832 1693; x_wconf 86' lang='lat' dir='ltr'><strong>commercium,</strong></span> <span class='ocrx_word' id='word_1_91' title='bbox 847 1633 968 1701; x_wconf 89' lang='lat' dir='ltr'><strong>possunt</strong></span> <span class='ocrx_word' id='word_1_92' title='bbox 981 1633 1097 1700; x_wconf 86' lang='lat' dir='ltr'><strong>peccato</strong></span> <span class='ocrx_word' id='word_1_93' title='bbox 1111 1624 1236 1699; x_wconf 84' lang='lat' dir='ltr'><strong>praebere</strong></span> <span class='ocrx_word' id='word_1_94' title='bbox 1250 1625 1354 1682; x_wconf 91' lang='lat' dir='ltr'><strong>locum.</strong></span> 
     </span>
     <span class='ocr_line' id='line_1_12' title="bbox 266 1724 1356 1802; baseline -0.008 -14"><span class='ocrx_word' id='word_1_95' title='bbox 266 1727 326 1790; x_wconf 83' lang='lat' dir='ltr'><strong>Res</strong></span> <span class='ocrx_word' id='word_1_96' title='bbox 340 1727 434 1785; x_wconf 86' lang='lat' dir='ltr'><strong>omnis</strong></span> <span class='ocrx_word' id='word_1_97' title='bbox 448 1735 617 1802; x_wconf 87' lang='lat' dir='ltr'><strong>potestesse</strong></span> <span class='ocrx_word' id='word_1_98' title='bbox 638 1732 747 1782; x_wconf 87' lang='lat' dir='ltr'><strong>remota</strong></span> <span class='ocrx_word' id='word_1_99' title='bbox 767 1727 879 1784; x_wconf 85' lang='lat' dir='ltr'><strong>occasio</strong></span> <span class='ocrx_word' id='word_1_100' title='bbox 893 1724 1024 1801; x_wconf 81' lang='lat' dir='ltr'><strong>peccati:¹</strong></span> <span class='ocrx_word' id='word_1_101' title='bbox 1046 1730 1065 1758; x_wconf 77' lang='lat'><strong>‘⁴</strong></span> <span class='ocrx_word' id='word_1_102' title='bbox 1077 1724 1212 1796; x_wconf 88' lang='lat' dir='ltr'><strong>quoniam</strong></span> <span class='ocrx_word' id='word_1_103' title='bbox 1224 1733 1356 1781; x_wconf 83' lang='lat' dir='ltr'><strong>creaturae</strong></span> 
     </span>
     <span class='ocr_line' id='line_1_13' title="bbox 266 1822 1359 1890; baseline -0.007 -4"><span class='ocrx_word' id='word_1_104' title='bbox 266 1827 324 1886; x_wconf 89' lang='lat' dir='ltr'><strong>Dei</strong></span> <span class='ocrx_word' id='word_1_105' title='bbox 336 1827 366 1885; x_wconf 95' lang='lat' dir='ltr'><strong>in</strong></span> <span class='ocrx_word' id='word_1_106' title='bbox 379 1824 475 1884; x_wconf 90' lang='lat' dir='ltr'><strong>odium</strong></span> <span class='ocrx_word' id='word_1_107' title='bbox 489 1824 569 1882; x_wconf 84' lang='lat' dir='ltr'><strong>saotae</strong></span> <span class='ocrx_word' id='word_1_108' title='bbox 583 1833 660 1890; x_wconf 91' lang='lat' dir='ltr'><strong>sunt,</strong></span> <span class='ocrx_word' id='word_1_109' title='bbox 670 1834 698 1880; x_wconf 89' lang='lat' dir='ltr'><strong>et</strong></span> <span class='ocrx_word' id='word_1_110' title='bbox 710 1823 739 1881; x_wconf 91' lang='lat' dir='ltr'><strong>in</strong></span> <span class='ocrx_word' id='word_1_111' title='bbox 755 1826 938 1882; x_wconf 88' lang='lat' dir='ltr'><strong>tentationem</strong></span> <span class='ocrx_word' id='word_1_112' title='bbox 952 1822 1099 1881; x_wconf 87' lang='lat' dir='ltr'><strong>animabus</strong></span> <span class='ocrx_word' id='word_1_113' title='bbox 1112 1823 1274 1889; x_wconf 88' lang='lat' dir='ltr'><strong>hominum,</strong></span> <span class='ocrx_word' id='word_1_114' title='bbox 1288 1832 1317 1880; x_wconf 88' lang='lat' dir='ltr'><strong>et</strong></span> <span class='ocrx_word' id='word_1_115' title='bbox 1329 1822 1359 1878; x_wconf 90' lang='lat' dir='ltr'><strong>in</strong></span> 
     </span>
     <span class='ocr_line' id='line_1_14' title="bbox 267 1919 1358 2002; baseline -0.009 -15"><span class='ocrx_word' id='word_1_116' title='bbox 267 1925 457 2002; x_wconf 89' lang='lat' dir='ltr'><strong>muscipulam</strong></span> <span class='ocrx_word' id='word_1_117' title='bbox 483 1923 602 2001; x_wconf 89' lang='lat' dir='ltr'><strong>pedibus</strong></span> <span class='ocrx_word' id='word_1_118' title='bbox 625 1919 870 1998; x_wconf 85' lang='lat' dir='ltr'><strong>insipientium.”1</strong></span> <span class='ocrx_word' id='word_1_119' title='bbox 917 1920 1096 1983; x_wconf 80' lang='lat' dir='ltr'><strong>Voluntaria</strong></span> <span class='ocrx_word' id='word_1_120' title='bbox 1121 1923 1235 1980; x_wconf 82' lang='lat' dir='ltr'><strong>occasio</strong></span> <span class='ocrx_word' id='word_1_121' title='bbox 1261 1940 1295 1978; x_wconf 92' lang='lat' dir='ltr'><strong>ea</strong></span> <span class='ocrx_word' id='word_1_122' title='bbox 1314 1931 1358 1978; x_wconf 88' lang='lat' dir='ltr'><strong>est</strong></span> 
     </span>
     <span class='ocr_line' id='line_1_15' title="bbox 267 2020 1359 2100; baseline -0.005 -16"><span class='ocrx_word' id='word_1_123' title='bbox 267 2045 352 2099; x_wconf 87' lang='lat' dir='ltr'><strong>quam</strong></span> <span class='ocrx_word' id='word_1_124' title='bbox 367 2025 431 2098; x_wconf 91' lang='lat' dir='ltr'><strong>quis</strong></span> <span class='ocrx_word' id='word_1_125' title='bbox 445 2033 547 2100; x_wconf 87' lang='lat' dir='ltr'><strong>sponte</strong></span> <span class='ocrx_word' id='word_1_126' title='bbox 562 2024 678 2100; x_wconf 90' lang='lat' dir='ltr'><strong>appetit,</strong></span> <span class='ocrx_word' id='word_1_127' title='bbox 689 2041 778 2095; x_wconf 89' lang='lat' dir='ltr'><strong>quum</strong></span> <span class='ocrx_word' id='word_1_128' title='bbox 787 2022 868 2081; x_wconf 90' lang='lat' dir='ltr'><strong>sacile</strong></span> <span class='ocrx_word' id='word_1_129' title='bbox 883 2031 981 2098; x_wconf 88' lang='lat' dir='ltr'><strong>posset</strong></span> <span class='ocrx_word' id='word_1_130' title='bbox 993 2032 1058 2080; x_wconf 83' lang='lat' dir='ltr'><strong>cuin</strong></span> <span class='ocrx_word' id='word_1_131' title='bbox 1072 2020 1232 2080; x_wconf 80' lang='lat' dir='ltr'><strong>declinare:</strong></span> <span class='ocrx_word' id='word_1_132' title='bbox 1255 2021 1290 2079; x_wconf 91' lang='lat' dir='ltr'><strong>de</strong></span> <span class='ocrx_word' id='word_1_133' title='bbox 1303 2038 1359 2092; x_wconf 88' lang='lat' dir='ltr'><strong>qua</strong></span> 
     </span>
     <span class='ocr_line' id='line_1_16' title="bbox 267 2120 1359 2197; baseline -0.005 -15"><span class='ocrx_word' id='word_1_134' title='bbox 267 2122 367 2183; x_wconf 86' lang='lat' dir='ltr'><strong>meritb</strong></span> <span class='ocrx_word' id='word_1_135' title='bbox 395 2122 526 2180; x_wconf 89' lang='lat' dir='ltr'><strong>damnata</strong></span> <span class='ocrx_word' id='word_1_136' title='bbox 551 2132 595 2179; x_wconf 89' lang='lat' dir='ltr'><strong>est</strong></span> <span class='ocrx_word' id='word_1_137' title='bbox 617 2123 651 2178; x_wconf 95' lang='lat' dir='ltr'><strong>ab</strong></span> <span class='ocrx_word' id='word_1_138' title='bbox 676 2122 846 2182; x_wconf 86' lang='lat' dir='ltr'><strong>Innocentio</strong></span> <span class='ocrx_word' id='word_1_139' title='bbox 871 2121 926 2180; x_wconf 87' lang='lat' dir='ltr'><strong>XI.</strong></span> <span class='ocrx_word' id='word_1_140' title='bbox 947 2121 1107 2197; x_wconf 85' lang='lat' dir='ltr'><strong>propositio</strong></span> <span class='ocrx_word' id='word_1_141' title='bbox 1125 2120 1203 2179; x_wconf 84' lang='lat' dir='ltr'><strong>haec:</strong></span> <span class='ocrx_word' id='word_1_142' title='bbox 1226 2121 1359 2180; x_wconf 88' lang='lat' dir='ltr'><strong>“Potest</strong></span> 
     </span>
     <span class='ocr_line' id='line_1_17' title="bbox 216 2219 1357 2298; baseline -0.007 -14"><span class='ocrx_word' id='word_1_143' title='bbox 216 2277 219 2284; x_wconf 94' lang='grc'><em>,</em></span> <span class='ocrx_word' id='word_1_144' title='bbox 269 2220 421 2294; x_wconf 87' lang='lat' dir='ltr'><strong>aliquando</strong></span> <span class='ocrx_word' id='word_1_145' title='bbox 432 2221 552 2288; x_wconf 86' lang='lat' dir='ltr'><strong>absolvi,</strong></span> <span class='ocrx_word' id='word_1_146' title='bbox 564 2221 613 2293; x_wconf 90' lang='lat' dir='ltr'><strong>qui</strong></span> <span class='ocrx_word' id='word_1_147' title='bbox 624 2221 653 2278; x_wconf 92' lang='lat' dir='ltr'><strong>in</strong></span> <span class='ocrx_word' id='word_1_148' title='bbox 668 2222 799 2298; x_wconf 87' lang='lat' dir='ltr'><strong>proxima</strong></span> <span class='ocrx_word' id='word_1_149' title='bbox 807 2222 958 2281; x_wconf 86' lang='lat' dir='ltr'><strong>occasione</strong></span> <span class='ocrx_word' id='word_1_150' title='bbox 972 2219 1108 2296; x_wconf 87' lang='lat' dir='ltr'><strong>peccandi</strong></span> <span class='ocrx_word' id='word_1_151' title='bbox 1121 2230 1259 2288; x_wconf 87' lang='lat' dir='ltr'><strong>versatur,</strong></span> <span class='ocrx_word' id='word_1_152' title='bbox 1271 2238 1357 2292; x_wconf 89' lang='lat' dir='ltr'><strong>quarn</strong></span> 
     </span>
     <span class='ocr_line' id='line_1_18' title="bbox 268 2319 1358 2401; baseline -0.005 -22"><span class='ocrx_word' id='word_1_153' title='bbox 268 2331 372 2401; x_wconf 86' lang='lat' dir='ltr'><strong>potest,</strong></span> <span class='ocrx_word' id='word_1_154' title='bbox 387 2331 415 2379; x_wconf 90' lang='lat' dir='ltr'><strong>et</strong></span> <span class='ocrx_word' id='word_1_155' title='bbox 428 2339 485 2379; x_wconf 91' lang='lat' dir='ltr'><strong>non</strong></span> <span class='ocrx_word' id='word_1_156' title='bbox 496 2321 556 2379; x_wconf 88' lang='lat' dir='ltr'><strong>vult</strong></span> <span class='ocrx_word' id='word_1_157' title='bbox 565 2321 705 2390; x_wconf 90' lang='lat' dir='ltr'><strong>omittere,</strong></span> <span class='ocrx_word' id='word_1_158' title='bbox 717 2321 876 2394; x_wconf 91' lang='lat' dir='ltr'><strong>quinimmo</strong></span> <span class='ocrx_word' id='word_1_159' title='bbox 885 2320 989 2378; x_wconf 88' lang='lat' dir='ltr'><strong>directe</strong></span> <span class='ocrx_word' id='word_1_160' title='bbox 1000 2330 1029 2378; x_wconf 87' lang='lat' dir='ltr'><strong>et</strong></span> <span class='ocrx_word' id='word_1_161' title='bbox 1041 2337 1078 2378; x_wconf 85' lang='lat' dir='ltr'><strong>ex</strong></span> <span class='ocrx_word' id='word_1_162' title='bbox 1088 2320 1234 2396; x_wconf 89' lang='lat' dir='ltr'><strong>proposito</strong></span> <span class='ocrx_word' id='word_1_163' title='bbox 1248 2319 1358 2392; x_wconf 87' lang='lat' dir='ltr'><strong>quaerit,</strong></span> 
     </span>
     <span class='ocr_line' id='line_1_19' title="bbox 269 2415 1359 2497; baseline -0.008 -14"><span class='ocrx_word' id='word_1_164' title='bbox 269 2432 317 2482; x_wconf 89' lang='lat' dir='ltr'><strong>aut</strong></span> <span class='ocrx_word' id='word_1_165' title='bbox 333 2421 361 2480; x_wconf 90' lang='lat' dir='ltr'><strong>oi</strong></span> <span class='ocrx_word' id='word_1_166' title='bbox 383 2439 414 2479; x_wconf 91' lang='lat' dir='ltr'><strong>se</strong></span> <span class='ocrx_word' id='word_1_167' title='bbox 436 2415 590 2497; x_wconf 77' lang='lat' dir='ltr'><strong>ingerit.”²</strong></span> <span class='ocrx_word' id='word_1_168' title='bbox 630 2419 812 2480; x_wconf 82' lang='lat' dir='ltr'><strong>Necessaria</strong></span> <span class='ocrx_word' id='word_1_169' title='bbox 831 2421 944 2478; x_wconf 82' lang='lat' dir='ltr'><strong>occasio</strong></span> <span class='ocrx_word' id='word_1_170' title='bbox 958 2429 1077 2492; x_wconf 78' lang='lat' dir='ltr'><strong>estque</strong></span> <span class='ocrx_word' id='word_1_171' title='bbox 1091 2419 1252 2477; x_wconf 89' lang='lat' dir='ltr'><strong>nullatenus</strong></span> <span class='ocrx_word' id='word_1_172' title='bbox 1267 2418 1359 2494; x_wconf 89' lang='lat' dir='ltr'><strong>possit</strong></span> 
     </span>
     <span class='ocr_line' id='line_1_20' title="bbox 271 2517 1358 2596; baseline -0.006 -16"><span class='ocrx_word' id='word_1_173' title='bbox 271 2522 375 2589; x_wconf 88' lang='lat' dir='ltr'><strong>deseri,</strong></span> <span class='ocrx_word' id='word_1_174' title='bbox 390 2520 434 2578; x_wconf 89' lang='lat' dir='ltr'><strong>vel</strong></span> <span class='ocrx_word' id='word_1_175' title='bbox 454 2523 554 2579; x_wconf 87' lang='lat' dir='ltr'><strong>saltem</strong></span> <span class='ocrx_word' id='word_1_176' title='bbox 576 2519 650 2578; x_wconf 89' lang='lat' dir='ltr'><strong>haud</strong></span> <span class='ocrx_word' id='word_1_177' title='bbox 672 2521 734 2578; x_wconf 86' lang='lat' dir='ltr'><strong>sino</strong></span> <span class='ocrx_word' id='word_1_178' title='bbox 754 2520 923 2596; x_wconf 86' lang='lat' dir='ltr'><strong>gravissimo</strong></span> <span class='ocrx_word' id='word_1_179' title='bbox 943 2517 1136 2577; x_wconf 90' lang='lat' dir='ltr'><strong>incommodo.</strong></span> <span class='ocrx_word' id='word_1_180' title='bbox 1179 2518 1358 2594; x_wconf 90' lang='lat' dir='ltr'><strong>Mancipium</strong></span> 
     </span>
     <span class='ocr_line' id='line_1_21' title="bbox 272 2617 1434 2694; baseline -0.005 -15"><span class='ocrx_word' id='word_1_181' title='bbox 272 2640 328 2694; x_wconf 91' lang='lat' dir='ltr'><strong>quo</strong></span> <span class='ocrx_word' id='word_1_182' title='bbox 343 2621 429 2678; x_wconf 88' lang='lat' dir='ltr'><strong>herus</strong></span> <span class='ocrx_word' id='word_1_183' title='bbox 443 2619 531 2676; x_wconf 89' lang='lat' dir='ltr'><strong>insui</strong></span> <span class='ocrx_word' id='word_1_184' title='bbox 545 2617 693 2677; x_wconf 89' lang='lat' dir='ltr'><strong>libidinem</strong></span> <span class='ocrx_word' id='word_1_185' title='bbox 715 2619 847 2685; x_wconf 89' lang='lat' dir='ltr'><strong>abutitur,</strong></span> <span class='ocrx_word' id='word_1_186' title='bbox 863 2618 891 2676; x_wconf 94' lang='lat' dir='ltr'><strong>in</strong></span> <span class='ocrx_word' id='word_1_187' title='bbox 912 2620 1072 2676; x_wconf 84' lang='lat' dir='ltr'><strong>neccssaria</strong></span> <span class='ocrx_word' id='word_1_188' title='bbox 1085 2618 1236 2676; x_wconf 89' lang='lat' dir='ltr'><strong>occasione</strong></span> <span class='ocrx_word' id='word_1_189' title='bbox 1250 2617 1361 2694; x_wconf 85' lang='lat' dir='ltr'><strong>peccati</strong></span> <span class='ocrx_word' id='word_1_190' title='bbox 1431 2625 1434 2630; x_wconf 83' lang='lat'>&#39;</span> 
     </span>
     <span class='ocr_line' id='line_1_22' title="bbox 272 2715 1361 2793; baseline -0.004 -17"><span class='ocrx_word' id='word_1_191' title='bbox 272 2727 418 2783; x_wconf 87' lang='lat' dir='ltr'><strong>versatur;</strong></span> <span class='ocrx_word' id='word_1_192' title='bbox 439 2734 493 2774; x_wconf 87' lang='lat' dir='ltr'><strong>nec</strong></span> <span class='ocrx_word' id='word_1_193' title='bbox 513 2718 590 2774; x_wconf 91' lang='lat' dir='ltr'><strong>enim</strong></span> <span class='ocrx_word' id='word_1_194' title='bbox 611 2715 708 2791; x_wconf 84' lang='lat' dir='ltr'><strong>fugere</strong></span> <span class='ocrx_word' id='word_1_195' title='bbox 729 2715 822 2775; x_wconf 74' lang='lat' dir='ltr'><strong>valete</strong></span> <span class='ocrx_word' id='word_1_196' title='bbox 843 2735 927 2784; x_wconf 88' lang='lat' dir='ltr'><strong>uxor,</strong></span> <span class='ocrx_word' id='word_1_197' title='bbox 949 2735 1006 2788; x_wconf 91' lang='lat' dir='ltr'><strong>quo</strong></span> <span class='ocrx_word' id='word_1_198' title='bbox 1026 2719 1143 2776; x_wconf 89' lang='lat' dir='ltr'><strong>maritus</strong></span> <span class='ocrx_word' id='word_1_199' title='bbox 1163 2727 1262 2776; x_wconf 81' lang='lat' dir='ltr'><strong>oontm</strong></span> <span class='ocrx_word' id='word_1_200' title='bbox 1281 2716 1361 2793; x_wconf 86' lang='lat' dir='ltr'><strong>leges</strong></span> 
     </span>
     <span class='ocr_line' id='line_1_23' title="bbox 272 2813 1361 2893; baseline -0.003 -18"><span class='ocrx_word' id='word_1_201' title='bbox 272 2816 401 2893; x_wconf 83' lang='lat' dir='ltr'><strong>conjugii</strong></span> <span class='ocrx_word' id='word_1_202' title='bbox 414 2814 510 2882; x_wconf 91' lang='lat' dir='ltr'><strong>utitur,</strong></span> <span class='ocrx_word' id='word_1_203' title='bbox 525 2815 611 2872; x_wconf 90' lang='lat' dir='ltr'><strong>estin</strong></span> <span class='ocrx_word' id='word_1_204' title='bbox 624 2816 775 2874; x_wconf 87' lang='lat' dir='ltr'><strong>occasione</strong></span> <span class='ocrx_word' id='word_1_205' title='bbox 789 2815 1001 2888; x_wconf 90' lang='lat' dir='ltr'><strong>quodammodo</strong></span> <span class='ocrx_word' id='word_1_206' title='bbox 1019 2817 1188 2876; x_wconf 82' lang='lat' dir='ltr'><strong>necessaria.</strong></span> <span class='ocrx_word' id='word_1_207' title='bbox 1229 2813 1361 2874; x_wconf 77' lang='lat' dir='ltr'><strong>Mortalis</strong></span> 
     </span>
     <span class='ocr_line' id='line_1_24' title="bbox 273 2914 1360 2993; baseline -0.001 -20"><span class='ocrx_word' id='word_1_208' title='bbox 273 2916 374 2974; x_wconf 90' lang='lat' dir='ltr'><strong>dicitur</strong></span> <span class='ocrx_word' id='word_1_209' title='bbox 384 2914 549 2983; x_wconf 88' lang='lat' dir='ltr'><strong>necessitas,</strong></span> <span class='ocrx_word' id='word_1_210' title='bbox 559 2933 622 2988; x_wconf 83' lang='lat' dir='ltr'><strong>quae</strong></span> <span class='ocrx_word' id='word_1_211' title='bbox 633 2933 670 2972; x_wconf 86' lang='lat' dir='ltr'><strong>ex</strong></span> <span class='ocrx_word' id='word_1_212' title='bbox 680 2933 784 2993; x_wconf 84' lang='lat' dir='ltr'><strong>magna</strong></span> <span class='ocrx_word' id='word_1_213' title='bbox 792 2916 837 2973; x_wconf 87' lang='lat' dir='ltr'><strong>sni</strong></span> <span class='ocrx_word' id='word_1_214' title='bbox 850 2916 970 2975; x_wconf 90' lang='lat' dir='ltr'><strong>utilitate</strong></span> <span class='ocrx_word' id='word_1_215' title='bbox 981 2917 1077 2986; x_wconf 89' lang='lat' dir='ltr'><strong>oritur,</strong></span> <span class='ocrx_word' id='word_1_216' title='bbox 1088 2917 1179 2990; x_wconf 90' lang='lat' dir='ltr'><strong>qualis</strong></span> <span class='ocrx_word' id='word_1_217' title='bbox 1193 2926 1237 2974; x_wconf 88' lang='lat' dir='ltr'><strong>est</strong></span> <span class='ocrx_word' id='word_1_218' title='bbox 1250 2933 1360 2982; x_wconf 90' lang='lat' dir='ltr'><strong>corum,</strong></span> 
     </span>
     <span class='ocr_line' id='line_1_25' title="bbox 272 3015 1362 3092; baseline -0.002 -18"><span class='ocrx_word' id='word_1_219' title='bbox 272 3015 321 3089; x_wconf 85' lang='lat' dir='ltr'><strong>qui</strong></span> <span class='ocrx_word' id='word_1_220' title='bbox 342 3033 456 3082; x_wconf 90' lang='lat' dir='ltr'><strong>munus,</strong></span> <span class='ocrx_word' id='word_1_221' title='bbox 472 3033 529 3088; x_wconf 89' lang='lat' dir='ltr'><strong>quo</strong></span> <span class='ocrx_word' id='word_1_222' title='bbox 548 3023 750 3084; x_wconf 88' lang='lat' dir='ltr'><strong>sustentantur,</strong></span> <span class='ocrx_word' id='word_1_223' title='bbox 765 3015 894 3074; x_wconf 86' lang='lat' dir='ltr'><strong>deserere</strong></span> <span class='ocrx_word' id='word_1_224' title='bbox 914 3025 1092 3092; x_wconf 84' lang='lat' dir='ltr'><strong>cogerentur,</strong></span> <span class='ocrx_word' id='word_1_225' title='bbox 1106 3015 1141 3074; x_wconf 89' lang='lat' dir='ltr'><strong>ad</strong></span> <span class='ocrx_word' id='word_1_226' title='bbox 1161 3015 1269 3092; x_wconf 91' lang='lat' dir='ltr'><strong>peccati</strong></span> <span class='ocrx_word' id='word_1_227' title='bbox 1282 3033 1362 3072; x_wconf 91' lang='lat' dir='ltr'><strong>occa·</strong></span> 
     </span>
     <span class='ocr_line' id='line_1_26' title="bbox 272 3113 1360 3193; baseline -0.003 -20"><span class='ocrx_word' id='word_1_228' title='bbox 272 3119 383 3175; x_wconf 88' lang='lat' dir='ltr'><strong>sionem</strong></span> <span class='ocrx_word' id='word_1_229' title='bbox 397 3113 602 3174; x_wconf 88' lang='lat' dir='ltr'><strong>declinandam.</strong></span> <span class='ocrx_word' id='word_1_230' title='bbox 645 3116 694 3173; x_wconf 85' lang='lat' dir='ltr'><strong>Sic</strong></span> <span class='ocrx_word' id='word_1_231' title='bbox 708 3116 837 3175; x_wconf 89' lang='lat' dir='ltr'><strong>medicus</strong></span> <span class='ocrx_word' id='word_1_232' title='bbox 851 3115 1013 3188; x_wconf 90' lang='lat' dir='ltr'><strong>aliquando,</strong></span> <span class='ocrx_word' id='word_1_233' title='bbox 1026 3116 1055 3172; x_wconf 94' lang='lat' dir='ltr'><strong>in</strong></span> <span class='ocrx_word' id='word_1_234' title='bbox 1069 3133 1201 3174; x_wconf 88' lang='lat' dir='ltr'><strong>venerem</strong></span> <span class='ocrx_word' id='word_1_235' title='bbox 1214 3114 1360 3193; x_wconf 85' lang='lat' dir='ltr'><strong>proclivis,</strong></span> 
     </span>
     <span class='ocr_line' id='line_1_27' title="bbox 273 3213 1362 3292; baseline -0.002 -20"><span class='ocrx_word' id='word_1_236' title='bbox 273 3217 323 3274; x_wconf 84' lang='lat' dir='ltr'><strong>vix</strong></span> <span class='ocrx_word' id='word_1_237' title='bbox 344 3223 442 3292; x_wconf 88' lang='lat' dir='ltr'><strong>posset</strong></span> <span class='ocrx_word' id='word_1_238' title='bbox 464 3216 548 3273; x_wconf 91' lang='lat' dir='ltr'><strong>saluti</strong></span> <span class='ocrx_word' id='word_1_239' title='bbox 573 3215 732 3282; x_wconf 90' lang='lat' dir='ltr'><strong>consulere,</strong></span> <span class='ocrx_word' id='word_1_240' title='bbox 754 3216 809 3278; x_wconf 87' lang='lat' dir='ltr'><strong>nisi</strong></span> <span class='ocrx_word' id='word_1_241' title='bbox 832 3225 889 3272; x_wconf 91' lang='lat' dir='ltr'><strong>arte</strong></span> <span class='ocrx_word' id='word_1_242' title='bbox 916 3213 1081 3275; x_wconf 84' lang='lat' dir='ltr'><strong>deserenda.</strong></span> <span class='ocrx_word' id='word_1_243' title='bbox 1124 3214 1248 3273; x_wconf 86' lang='lat' dir='ltr'><strong>Occasio</strong></span> <span class='ocrx_word' id='word_1_244' title='bbox 1267 3213 1362 3285; x_wconf 89' lang='lat' dir='ltr'><strong>aliqua</strong></span> 
     </span>
     <span class='ocr_line' id='line_1_28' title="bbox 275 3313 1362 3390; baseline -0.003 -17"><span class='ocrx_word' id='word_1_245' title='bbox 275 3314 403 3373; x_wconf 88' lang='lat' dir='ltr'><strong>subsistit</strong></span> <span class='ocrx_word' id='word_1_246' title='bbox 417 3323 445 3370; x_wconf 88' lang='lat' dir='ltr'><strong>et</strong></span> <span class='ocrx_word' id='word_1_247' title='bbox 464 3323 620 3390; x_wconf 87' lang='lat' dir='ltr'><strong>pormanet,</strong></span> <span class='ocrx_word' id='word_1_248' title='bbox 635 3323 663 3372; x_wconf 89' lang='lat' dir='ltr'><strong>et</strong></span> <span class='ocrx_word' id='word_1_249' title='bbox 676 3313 740 3372; x_wconf 91' lang='lat' dir='ltr'><strong>ideo</strong></span> <span class='ocrx_word' id='word_1_250' title='bbox 756 3314 789 3373; x_wconf 82' lang='lat' dir='ltr'><strong>in</strong></span> <span class='ocrx_word' id='word_1_251' title='bbox 810 3332 872 3372; x_wconf 80' lang='lat' dir='ltr'><strong>esee</strong></span> <span class='ocrx_word' id='word_1_252' title='bbox 886 3313 997 3381; x_wconf 89' lang='lat' dir='ltr'><strong>dicitur,</strong></span> <span class='ocrx_word' id='word_1_253' title='bbox 1012 3313 1103 3386; x_wconf 89' lang='lat' dir='ltr'><strong>qualis</strong></span> <span class='ocrx_word' id='word_1_254' title='bbox 1123 3323 1168 3372; x_wconf 87' lang='lat' dir='ltr'><strong>est</strong></span> <span class='ocrx_word' id='word_1_255' title='bbox 1187 3314 1362 3372; x_wconf 87' lang='lat' dir='ltr'><strong>consortium</strong></span> 
     </span>
     <span class='ocr_line' id='line_1_29' title="bbox 274 3405 1361 3486; baseline -0.004 -13"><span class='ocrx_word' id='word_1_256' title='bbox 274 3413 449 3482; x_wconf 85' lang='lat' dir='ltr'><strong>concubinae,</strong></span> <span class='ocrx_word' id='word_1_257' title='bbox 464 3431 547 3486; x_wconf 90' lang='lat' dir='ltr'><strong>quam</strong></span> <span class='ocrx_word' id='word_1_258' title='bbox 563 3413 640 3472; x_wconf 91' lang='lat' dir='ltr'><strong>domi</strong></span> <span class='ocrx_word' id='word_1_259' title='bbox 661 3414 723 3486; x_wconf 90' lang='lat' dir='ltr'><strong>quis</strong></span> <span class='ocrx_word' id='word_1_260' title='bbox 742 3416 852 3472; x_wconf 88' lang='lat' dir='ltr'><strong>retinet.</strong></span> <span class='ocrx_word' id='word_1_261' title='bbox 894 3414 969 3471; x_wconf 89' lang='lat' dir='ltr'><strong>Eam</strong></span> <span class='ocrx_word' id='word_1_262' title='bbox 984 3412 1062 3472; x_wconf 90' lang='lat' dir='ltr'><strong>domi</strong></span> <span class='ocrx_word' id='word_1_263' title='bbox 1082 3414 1201 3472; x_wconf 88' lang='lat' dir='ltr'><strong>retinere</strong></span> <span class='ocrx_word' id='word_1_264' title='bbox 1221 3405 1361 3478; x_wconf 77' lang='lat' dir='ltr'><strong>censetur,</strong></span> 
     </span>
     <span class='ocr_line' id='line_1_30' title="bbox 274 3511 1361 3588; baseline -0.002 -17"><span class='ocrx_word' id='word_1_265' title='bbox 274 3533 337 3587; x_wconf 87' lang='lat' dir='ltr'><strong>quae</strong></span> <span class='ocrx_word' id='word_1_266' title='bbox 352 3512 471 3570; x_wconf 83' lang='lat' dir='ltr'><strong>domum·</strong></span> <span class='ocrx_word' id='word_1_267' title='bbox 479 3513 612 3570; x_wconf 89' lang='lat' dir='ltr'><strong>conducit</strong></span> <span class='ocrx_word' id='word_1_268' title='bbox 622 3513 651 3571; x_wconf 93' lang='lat' dir='ltr'><strong>in</strong></span> <span class='ocrx_word' id='word_1_269' title='bbox 663 3531 720 3585; x_wconf 83' lang='lat' dir='ltr'><strong>qua</strong></span> <span class='ocrx_word' id='word_1_270' title='bbox 732 3514 793 3588; x_wconf 91' lang='lat' dir='ltr'><strong>ipsa</strong></span> <span class='ocrx_word' id='word_1_271' title='bbox 801 3513 916 3580; x_wconf 87' lang='lat' dir='ltr'><strong>habitat,</strong></span> <span class='ocrx_word' id='word_1_272' title='bbox 928 3530 1048 3586; x_wconf 87' lang='lat' dir='ltr'><strong>eamque</strong></span> <span class='ocrx_word' id='word_1_273' title='bbox 1062 3514 1157 3572; x_wconf 88' lang='lat' dir='ltr'><strong>visitat</strong></span> <span class='ocrx_word' id='word_1_274' title='bbox 1169 3511 1256 3570; x_wconf 83' lang='lat' dir='ltr'><strong>veluti</strong></span> <span class='ocrx_word' id='word_1_275' title='bbox 1269 3530 1361 3580; x_wconf 88' lang='lat' dir='ltr'><strong>suam,</strong></span> 
     </span>
     <span class='ocr_line' id='line_1_31' title="bbox 274 3607 1362 3685; baseline 0.001 -16"><span class='ocrx_word' id='word_1_276' title='bbox 274 3613 342 3669; x_wconf 89' lang='lat' dir='ltr'><strong>licet</strong></span> <span class='ocrx_word' id='word_1_277' title='bbox 354 3611 416 3685; x_wconf 89' lang='lat' dir='ltr'><strong>ipse</strong></span> <span class='ocrx_word' id='word_1_278' title='bbox 428 3610 493 3667; x_wconf 88' lang='lat' dir='ltr'><strong>alibi</strong></span> <span class='ocrx_word' id='word_1_279' title='bbox 503 3623 643 3667; x_wconf 84' lang='lat' dir='ltr'><strong>moretur:</strong></span> <span class='ocrx_word' id='word_1_280' title='bbox 665 3612 778 3668; x_wconf 88' lang='lat' dir='ltr'><strong>occasio</strong></span> <span class='ocrx_word' id='word_1_281' title='bbox 787 3607 1009 3684; x_wconf 74' lang='lat' dir='ltr'><strong>foris&#39;quaeritur,</strong></span> <span class='ocrx_word' id='word_1_282' title='bbox 1022 3612 1137 3684; x_wconf 88' lang='lat' dir='ltr'><strong>quando</strong></span> <span class='ocrx_word' id='word_1_283' title='bbox 1146 3611 1209 3683; x_wconf 91' lang='lat' dir='ltr'><strong>quis</strong></span> <span class='ocrx_word' id='word_1_284' title='bbox 1221 3611 1362 3684; x_wconf 91' lang='lat' dir='ltr'><strong>quandam</strong></span> 
     </span>
     <span class='ocr_line' id='line_1_32' title="bbox 272 3707 1362 3788; baseline -0.002 -20"><span class='ocrx_word' id='word_1_285' title='bbox 272 3707 371 3768; x_wconf 89' lang='lat' dir='ltr'><strong>invisit</strong></span> <span class='ocrx_word' id='word_1_286' title='bbox 383 3725 468 3779; x_wconf 89' lang='lat' dir='ltr'><strong>quam</strong></span> <span class='ocrx_word' id='word_1_287' title='bbox 483 3707 589 3765; x_wconf 87' lang='lat' dir='ltr'><strong>nonita</strong></span> <span class='ocrx_word' id='word_1_288' title='bbox 603 3709 656 3767; x_wconf 93' lang='lat' dir='ltr'><strong>sibi</strong></span> <span class='ocrx_word' id='word_1_289' title='bbox 671 3711 780 3766; x_wconf 90' lang='lat' dir='ltr'><strong>retinet.</strong></span> <span class='ocrx_word' id='word_1_290' title='bbox 823 3709 895 3767; x_wconf 81' lang='lat' dir='ltr'><strong>Haec</strong></span> <span class='ocrx_word' id='word_1_291' title='bbox 904 3712 1017 3770; x_wconf 89' lang='lat' dir='ltr'><strong>occasio</strong></span> <span class='ocrx_word' id='word_1_292' title='bbox 1027 3713 1159 3788; x_wconf 87' lang='lat' dir='ltr'><strong>proxima</strong></span> <span class='ocrx_word' id='word_1_293' title='bbox 1167 3710 1297 3770; x_wconf 89' lang='lat' dir='ltr'><strong>habenda</strong></span> <span class='ocrx_word' id='word_1_294' title='bbox 1309 3719 1362 3780; x_wconf 90' lang='lat' dir='ltr'><strong>est,</strong></span> 
     </span>
     <span class='ocr_line' id='line_1_33' title="bbox 274 3789 1361 3886; baseline 0.001 -21"><span class='ocrx_word' id='word_1_295' title='bbox 274 3809 298 3865; x_wconf 92' lang='lat' dir='ltr'><strong>si</strong></span> <span class='ocrx_word' id='word_1_296' title='bbox 318 3805 407 3864; x_wconf 92' lang='lat' dir='ltr'><strong>homo</strong></span> <span class='ocrx_word' id='word_1_297' title='bbox 427 3815 528 3882; x_wconf 89' lang='lat' dir='ltr'><strong>peccet</strong></span> <span class='ocrx_word' id='word_1_298' title='bbox 547 3807 659 3879; x_wconf 91' lang='lat' dir='ltr'><strong>quoties</strong></span> <span class='ocrx_word' id='word_1_299' title='bbox 680 3807 821 3881; x_wconf 89' lang='lat' dir='ltr'><strong>quandam</strong></span> <span class='ocrx_word' id='word_1_300' title='bbox 843 3809 950 3878; x_wconf 90' lang='lat' dir='ltr'><strong>invisit,</strong></span> <span class='ocrx_word' id='word_1_301' title='bbox 964 3809 1031 3868; x_wconf 91' lang='lat' dir='ltr'><strong>licet</strong></span> <span class='ocrx_word' id='word_1_302' title='bbox 1048 3789 1078 3869; x_wconf 88' lang='lat' dir='ltr'><strong>id</strong></span> <span class='ocrx_word' id='word_1_303' title='bbox 1099 3811 1243 3886; x_wconf 87' lang='lat' dir='ltr'><strong>contingat</strong></span> <span class='ocrx_word' id='word_1_304' title='bbox 1263 3809 1361 3877; x_wconf 89' lang='lat' dir='ltr'><strong>semel,</strong></span> 
     </span>
     <span class='ocr_line' id='line_1_34' title="bbox 274 3901 1364 3984; baseline -0.001 -18"><span class='ocrx_word' id='word_1_305' title='bbox 274 3906 400 3974; x_wconf 85' lang='lat' dir='ltr'><strong>veihis,</strong></span> <span class='ocrx_word' id='word_1_306' title='bbox 421 3907 451 3964; x_wconf 89' lang='lat' dir='ltr'><strong>in</strong></span> <span class='ocrx_word' id='word_1_307' title='bbox 474 3924 568 3973; x_wconf 89' lang='lat' dir='ltr'><strong>anno;</strong></span> <span class='ocrx_word' id='word_1_308' title='bbox 591 3924 652 3978; x_wconf 79' lang='lat' dir='ltr'><strong>qua</strong></span> <span class='ocrx_word' id='word_1_309' title='bbox 676 3906 797 3984; x_wconf 91' lang='lat' dir='ltr'><strong>proinde</strong></span> <span class='ocrx_word' id='word_1_310' title='bbox 818 3909 1004 3967; x_wconf 90' lang='lat' dir='ltr'><strong>nullomodo</strong></span> <span class='ocrx_word' id='word_1_311' title='bbox 1024 3911 1110 3969; x_wconf 90' lang='lat' dir='ltr'><strong>abeo</strong></span> <span class='ocrx_word' id='word_1_312' title='bbox 1133 3908 1282 3971; x_wconf 88' lang='lat' dir='ltr'><strong>invisenda</strong></span> <span class='ocrx_word' id='word_1_313' title='bbox 1295 3901 1364 3968; x_wconf 79' lang='lat' dir='ltr'><strong>est³</strong></span> 
     </span>
     <span class='ocr_line' id='line_1_35' title="bbox 274 4005 1363 4089; baseline -0.004 -23"><span class='ocrx_word' id='word_1_314' title='bbox 274 4006 375 4066; x_wconf 89' lang='lat' dir='ltr'><strong>Sedet</strong></span> <span class='ocrx_word' id='word_1_315' title='bbox 395 4005 526 4084; x_wconf 85' lang='lat' dir='ltr'><strong>proxima</strong></span> <span class='ocrx_word' id='word_1_316' title='bbox 540 4015 583 4062; x_wconf 89' lang='lat' dir='ltr'><strong>est</strong></span> <span class='ocrx_word' id='word_1_317' title='bbox 595 4008 719 4074; x_wconf 88' lang='lat' dir='ltr'><strong>occasio,</strong></span> <span class='ocrx_word' id='word_1_318' title='bbox 735 4007 760 4072; x_wconf 86' lang='lat' dir='ltr'><strong>si</strong></span> <span class='ocrx_word' id='word_1_319' title='bbox 774 4008 838 4079; x_wconf 89' lang='lat' dir='ltr'><strong>quis</strong></span> <span class='ocrx_word' id='word_1_320' title='bbox 852 4027 929 4086; x_wconf 85' lang='lat' dir='ltr'><strong>saepe</strong></span> <span class='ocrx_word' id='word_1_321' title='bbox 944 4028 1009 4074; x_wconf 86' lang='lat' dir='ltr'><strong>cum</strong></span> <span class='ocrx_word' id='word_1_322' title='bbox 1030 4009 1152 4085; x_wconf 84' lang='lat' dir='ltr'><strong>quadam</strong></span> <span class='ocrx_word' id='word_1_323' title='bbox 1173 4019 1283 4089; x_wconf 87' lang='lat' dir='ltr'><strong>peccet,</strong></span> <span class='ocrx_word' id='word_1_324' title='bbox 1297 4009 1363 4066; x_wconf 88' lang='lat' dir='ltr'><strong>licet</strong></span> 
     </span>
     <span class='ocr_line' id='line_1_36' title="bbox 274 4104 784 4183; baseline -0.006 -16"><span class='ocrx_word' id='word_1_325' title='bbox 274 4107 352 4172; x_wconf 88' lang='lat' dir='ltr'><strong>haud</strong></span> <span class='ocrx_word' id='word_1_326' title='bbox 366 4108 459 4175; x_wconf 90' lang='lat' dir='ltr'><strong>toties,</strong></span> <span class='ocrx_word' id='word_1_327' title='bbox 473 4107 583 4180; x_wconf 87' lang='lat' dir='ltr'><strong>quoties</strong></span> <span class='ocrx_word' id='word_1_328' title='bbox 598 4104 679 4164; x_wconf 90' lang='lat' dir='ltr'><strong>datur</strong></span> <span class='ocrx_word' id='word_1_329' title='bbox 692 4107 784 4183; x_wconf 87' lang='lat' dir='ltr'><strong>copia.</strong></span> 
     </span>
    </p>

    <p class='ocr_par' dir='ltr' id='par_1_3' title="bbox 274 4205 1365 4385">
     <span class='ocr_line' id='line_1_37' title="bbox 316 4205 1364 4286; baseline -0.001 -21"><span class='ocrx_word' id='word_1_330' title='bbox 316 4210 383 4269; x_wconf 83' lang='lat'><strong>186.</strong></span> <span class='ocrx_word' id='word_1_331' title='bbox 411 4206 530 4265; x_wconf 82' lang='lat' dir='ltr'><strong>Certum</strong></span> <span class='ocrx_word' id='word_1_332' title='bbox 545 4216 589 4264; x_wconf 88' lang='lat' dir='ltr'><strong>est</strong></span> <span class='ocrx_word' id='word_1_333' title='bbox 602 4208 783 4265; x_wconf 86' lang='lat' dir='ltr'><strong>occasionem</strong></span> <span class='ocrx_word' id='word_1_334' title='bbox 797 4205 1003 4273; x_wconf 82' lang='lat' dir='ltr'><strong>uoluntariam</strong></span> <span class='ocrx_word' id='word_1_335' title='bbox 1016 4216 1044 4264; x_wconf 87' lang='lat' dir='ltr'><strong>ct</strong></span> <span class='ocrx_word' id='word_1_336' title='bbox 1051 4207 1229 4286; x_wconf 74' lang='lat' dir='ltr'><strong>prociarum</strong></span> <span class='ocrx_word' id='word_1_337' title='bbox 1243 4207 1364 4283; x_wconf 87' lang='lat' dir='ltr'><strong>pcccati,</strong></span> 
     </span>
     <span class='ocr_line' id='line_1_38' title="bbox 274 4307 1365 4385; baseline 0 -21"><span class='ocrx_word' id='word_1_338' title='bbox 274 4308 334 4372; x_wconf 85' lang='lat' dir='ltr'><strong>sive</strong></span> <span class='ocrx_word' id='word_1_339' title='bbox 348 4324 542 4374; x_wconf 86' lang='lat' dir='ltr'><strong>communem,</strong></span> <span class='ocrx_word' id='word_1_340' title='bbox 556 4307 616 4364; x_wconf 89' lang='lat' dir='ltr'><strong>sive</strong></span> <span class='ocrx_word' id='word_1_341' title='bbox 630 4307 796 4382; x_wconf 88' lang='lat' dir='ltr'><strong>specialem,</strong></span> <span class='ocrx_word' id='word_1_342' title='bbox 816 4308 972 4383; x_wconf 87' lang='lat' dir='ltr'><strong>praesertim</strong></span> <span class='ocrx_word' id='word_1_343' title='bbox 992 4325 1055 4380; x_wconf 80' lang='lat' dir='ltr'><strong>quse</strong></span> <span class='ocrx_word' id='word_1_344' title='bbox 1078 4307 1152 4385; x_wconf 90' lang='lat' dir='ltr'><strong>apud</strong></span> <span class='ocrx_word' id='word_1_345' title='bbox 1173 4325 1204 4364; x_wconf 92' lang='lat' dir='ltr'><strong>se</strong></span> <span class='ocrx_word' id='word_1_346' title='bbox 1218 4307 1365 4374; x_wconf 81' lang='lat' dir='ltr'><strong>retinetur,</strong></span> 
     </span>
    </p>
   </div>
   <div class='ocr_carea' id='block_1_3' title="bbox 310 4521 1328 4598">
    <p class='ocr_par' dir='ltr' id='par_1_4' title="bbox 310 4521 1328 4598">
     <span class='ocr_line' id='line_1_39' title="bbox 310 4521 1328 4598; baseline 0.006 -22"><span class='ocrx_word' id='word_1_347' title='bbox 310 4525 352 4593; x_wconf 84' lang='lat' dir='ltr'><strong>(l)</strong></span> <span class='ocrx_word' id='word_1_348' title='bbox 372 4521 429 4592; x_wconf 85' lang='lat' dir='ltr'><strong>Sap.</strong></span> <span class='ocrx_word' id='word_1_349' title='bbox 441 4523 489 4575; x_wconf 79' lang='lat' dir='ltr'><strong>xiv.</strong></span> <span class='ocrx_word' id='word_1_350' title='bbox 502 4527 540 4572; x_wconf 92' lang='lat' dir='ltr'><strong>ll.</strong></span> <span class='ocrx_word' id='word_1_351' title='bbox 668 4527 709 4594; x_wconf 76' lang='lat'><strong>(2)</strong></span> <span class='ocrx_word' id='word_1_352' title='bbox 730 4525 804 4592; x_wconf 87' lang='lat' dir='ltr'><strong>Prop.</strong></span> <span class='ocrx_word' id='word_1_353' title='bbox 814 4525 857 4575; x_wconf 83' lang='lat' dir='ltr'><strong>lxi.</strong></span> <span class='ocrx_word' id='word_1_354' title='bbox 978 4527 1020 4598; x_wconf 85' lang='lat'><strong>(3)</strong></span> <span class='ocrx_word' id='word_1_355' title='bbox 1040 4526 1066 4575; x_wconf 84' lang='lat' dir='ltr'><strong>S.</strong></span> <span class='ocrx_word' id='word_1_356' title='bbox 1077 4525 1152 4598; x_wconf 79' lang='lat' dir='ltr'><strong>Atpb.</strong></span> <span class='ocrx_word' id='word_1_357' title='bbox 1163 4526 1180 4580; x_wconf 84' lang='lat' dir='ltr'><strong>l·</strong></span> <span class='ocrx_word' id='word_1_358' title='bbox 1191 4525 1223 4578; x_wconf 79' lang='lat' dir='ltr'><strong>vi·</strong></span> <span class='ocrx_word' id='word_1_359' title='bbox 1234 4526 1328 4581; x_wconf 77' lang='lat' dir='ltr'><strong>1t·452.·</strong></span> 
     </span>
    </p>
   </div>
   <div class='ocr_carea' id='block_1_4' title="bbox 0 0 1596 5192">
    <p class='ocr_par' dir='ltr' id='par_1_5' title="bbox 0 0 1596 5192">
     <span class='ocr_line' id='line_1_40' title="bbox 0 0 1596 5192; baseline 0 0"><span class='ocrx_word' id='word_1_360' title='bbox 0 0 1596 5192; x_wconf 95' lang='lat' dir='ltr'><strong> </strong></span> 
     </span>
    </p>
   </div>
  </div>
 </body>
</html>
