3144 5192
593 562 649 622 DE
670 561 980 622 ABSOLUTIONE.
1272 571 1329 626 221

245 735 435 806 quantocyus,
449 747 485 786 ne
499 729 652 788 voluntatis
667 737 746 789 nutet
767 730 965 806 propositum
987 735 1097 786 constet
1109 730 1186 788 enim
1198 729 1229 788 ld
1251 731 1333 791 facile

246 829 369 886 evenire.
401 827 434 886 si
447 828 536 888 semel
544 830 645 907 jussus
659 829 807 888 restituere
821 829 979 906 neglexerit
991 829 1142 905 poenitens,
1152 847 1240 902 quum
1249 833 1334 908 copia

244 927 271 985 ei
297 927 390 996 fuerit,
417 945 474 986 non
500 937 544 985 est
570 930 738 1005 plemmque
764 930 848 986 venia
872 927 1033 996 donandus,
1056 929 1113 986 nisi
1139 948 1169 987 re
1195 929 1329 1006 perfecta.

246 1023 387 1086 Caeterum
410 1045 555 1100 nunquam
576 1028 660 1087 debet
680 1026 814 1086 sacerdos
836 1029 961 1106 exigere,
982 1027 1029 1085 vel
1048 1027 1177 1097 suadere,
1192 1038 1223 1087 ut
1240 1048 1286 1088 res
1306 1031 1333 1087 ei

244 1123 367 1185 tradatur
379 1127 561 1186 restituenda.
590 1128 623 1185 Si
637 1127 769 1203 precibus
784 1127 956 1204 paenitentis,
968 1127 1031 1203 ejus
1041 1145 1129 1203 opera
1141 1129 1183 1186 uti
1196 1130 1331 1206 rogantis,

242 1222 400 1284 cedendum
427 1225 578 1299 aliquando
604 1225 755 1293 censuerit,
783 1226 938 1284 curandum
972 1235 1013 1293 ut,
1040 1227 1217 1285 restitutione
1249 1227 1332 1296 facta,

243 1321 379 1382 habeatur
392 1326 532 1401 scriptum
553 1324 710 1391 creditoris,
724 1342 781 1396 quo
801 1324 909 1396 liqueat
928 1322 1104 1382 sacerdotem
1130 1343 1190 1382 rem
1211 1325 1334 1385 fideliter

244 1420 410 1482 tradidisse:
426 1425 521 1482 omnis
543 1424 649 1499 quippe
664 1423 791 1500 suspicio
814 1443 830 1481 a
849 1441 930 1481 sacro
950 1423 1108 1482 ministerio
1121 1425 1195 1483 absit
1214 1443 1332 1483 necesse
1414 1445 1418 1452 ¹

245 1529 298 1578 est.

283 1624 354 1678 208.
377 1621 449 1679 Haec
475 1622 611 1698 pleraque
638 1639 701 1694 quae
722 1620 758 1678 de
785 1621 961 1679 absolutione
987 1620 1183 1691 disseruimus,
1211 1623 1333 1682 Ritualis

244 1717 368 1778 Romani
395 1721 503 1779 monito
530 1720 728 1778 continentum·
761 1719 898 1778 “Videat
923 1719 1072 1796 diligenter
1098 1721 1263 1790 sacerdos,”
1292 1724 1333 1781 in·

243 1819 305 1889 quit
328 1819 470 1892 “quando
494 1819 657 1891 atquibus,
679 1817 858 1885 conserenda,
884 1818 928 1875 vel
949 1819 1089 1895 neganda,
1111 1821 1156 1878 vel
1177 1820 1334 1879 differenda

242 1917 281 1977 sit
297 1919 451 1987 absolutio;
474 1936 509 1975 ne
529 1918 656 1975 absolvat
678 1936 739 1985 eos,
762 1920 812 1988 qui
834 1917 896 1974 talis
918 1917 1049 1977 beneficii
1073 1930 1139 1978 suut
1161 1922 1332 1997 incapaces:

243 2018 341 2088 quales
367 2028 442 2086 sunt,
457 2017 507 2090 qui
526 2017 605 2074 nulla
631 2017 699 2074 dant
724 2017 806 2093 sigua
825 2015 941 2100 doloris,
963 2019 1012 2090 qui
1034 2017 1099 2075 odia
1121 2028 1149 2076 et
1169 2019 1331 2077 inimicitias

240 2115 392 2194 deponere,
408 2125 455 2174 aut
468 2117 567 2183 aliena,
582 2115 608 2172 si
629 2121 761 2192 possunt,
773 2116 930 2182 restituere,
946 2125 993 2174 aut
1013 2118 1176 2193 proximam
1191 2103 1330 2194 peccandi

241 2218 421 2275 occasionem
435 2216 576 2281 deserere,
591 2225 640 2273 aut
662 2215 717 2272 alio
733 2213 817 2272 ruodo
837 2223 954 2291 peccata
974 2215 1180 2290 derelinquere,
1196 2226 1224 2276 et
1244 2219 1330 2276 vitam

240 2317 271 2373 in
285 2315 388 2373 melius
409 2312 559 2372 emendare
574 2314 681 2380 nolunt,
696 2323 744 2371 aut
763 2315 813 2384 qui
826 2313 973 2389 publicum
994 2315 1158 2378 scandalum
1182 2315 1328 2384 dederunt,

241 2414 297 2472 nisi
312 2413 424 2489 publice
441 2413 623 2480 satisfaciant,
638 2421 666 2469 et
678 2412 842 2470 scandalum
858 2411 990 2471 tollent.’'
1288 2409 1290 2412 ’

554 2631 579 2706 §.
596 2631 664 2689 Vll.
706 2630 754 2688 De
776 2648 1009 2690 roboraremus.

277 2808 347 2864 209.
370 2804 428 2871 Qui
455 2804 599 2880 precipua
623 2802 692 2861 fidei
716 2805 854 2879 mysteria
879 2805 1018 2881 ignorant,
1033 2821 1090 2862 non
1117 2816 1184 2864 sunt
1207 2802 1327 2884 capaces

240 2904 435 2970 absolutionis,
450 2921 516 2960 nam
527 2913 570 2960 est
583 2903 742 2960 arctissima
754 2903 802 2960 lex
815 2903 881 2960 fidei
896 2921 951 2975 qua
964 2902 1106 2962 'credenda
1119 2916 1326 2982 proponuntur,

240 3009 413 3078 quapropter
425 3002 556 3060 damnata
569 3013 613 3058 est
623 3001 782 3078 propositio
795 3009 845 3058 :'“
859 3002 1053 3059 Absolutionis
1066 3022 1157 3079 capax
1171 3016 1214 3062 est
1227 3006 1326 3073 bomo,

239 3102 421 3174 quantumvis
453 3101 562 3158 laboret
594 3081 753 3178 ignorantia
786 3101 987 3177 mysteriorum
1020 3099 1099 3167 fidei,
1133 3103 1244 3159 etiamsi
1274 3123 1326 3178 per

237 3201 424 3278 ignorantiam
437 3198 609 3277 culpabilem
622 3200 732 3258 nesciat
745 3199 913 3275 mysterium
921 3198 977 3256 SS.
993 3197 1141 3256 Trinitatis
1154 3208 1182 3255 et
1195 3200 1326 3260 lucarna-

239 3301 324 3358 tionis
338 3289 490 3358 Domini.'’
524 3299 616 3376 Igitur
641 3298 780 3358 edocendi
800 3307 866 3358 suut
878 3298 1046 3376 prenitentes
1068 3296 1208 3369 rudiores,
1223 3301 1326 3373 quibus
1363 3321 1365 3324 ’

236 3399 375 3476 mysteria
387 3398 500 3476 singola
520 3398 705 3475 proponenda
718 3406 792 3466 sunt,
807 3406 838 3456 ut
857 3399 892 3456 iis
915 3395 983 3455 fidei
997 3407 1131 3472 prestent
1143 3399 1324 3472 obsequium,

236 3497 317 3558 facile
332 3500 407 3558 enim
427 3499 566 3575 contingit
577 3517 628 3556 eos
649 3516 706 3556 non
720 3515 806 3574 posse
824 3495 995 3556 documenta
1015 3495 1148 3554 mandare
1169 3502 1324 3558 memoria.

233 3597 381 3672 Equidem
402 3600 572 3676 plerumque
599 3596 766 3656 confessarii
786 3614 873 3673 opera
893 3596 921 3654 in
949 3596 1150 3673 poenitentibus
1170 3597 1325 3659 edocendis

235 3696 419 3768 desideratur,
433 3698 482 3772 qui
503 3697 596 3774 possit
614 3714 720 3774 pueros
742 3696 854 3754 virosve
880 3696 1032 3765 remittere,
1053 3705 1085 3756 ut
1105 3696 1190 3756 adse
1211 3701 1327 3758 veniant

236 3799 438 3874 opportuniore
451 3797 517 3856 loco
531 3795 706 3858 instruendi:
722 3796 799 3868 qnod
813 3806 907 3854 tamen
919 3796 955 3854 de
976 3795 1143 3855 mulieribus
1164 3799 1324 3875 puellisque

236 3911 294 3952 non
307 3895 432 3972 expedit,
447 3913 534 3968 quum
549 3894 696 3954 decentius
710 3895 748 3952 sit
761 3904 791 3952 ut
800 3895 931 3971 privatim
941 3915 956 3952 a
966 3895 1131 3958 mulieribus
1142 3898 1323 3956 instruantur.

562 4127 587 4201 §.
603 4126 688 4185 Vlll.
729 4125 778 4184 Du
799 4141 992 4184 uoarauuors.

271 4297 341 4352 210.
363 4292 539 4363 Moribundi,
555 4296 604 4368 qui
617 4294 908 4374 peccataconfitentur
918 4300 946 4348 et
958 4291 1141 4379 detestantur,
1156 4290 1324 4353 absolvendi

231 4401 298 4451 sunt
310 4411 345 4452 eo
359 4393 470 4452 facilius
484 4413 542 4467 quo
562 4396 652 4472 magis
667 4403 748 4472 urget
761 4392 924 4458 necessitas,
939 4389 989 4446 red
1011 4407 1044 4446 ea
1065 4406 1178 4461 quoque
1200 4389 1323 4450 adhibita

232 4492 388 4570 diligentia,
403 4512 466 4569 quae
482 4495 604 4553 animam
619 4505 699 4572 paret
711 4494 805 4570 gratie
820 4487 896 4549 certd
911 4487 1110 4566 suscipiendae.
1152 4489 1223 4562 Qua
1237 4510 1323 4552 onera

742 4595 807 4653 20*
