3108 5162
484 641 541 704 nn
563 639 741 703 currens
763 600 1011 700 contusum.
1230 643 1290 698 aro

201 806 239 864 sit
260 823 292 864 se
306 805 457 884 disponere
476 809 511 868 ad
534 810 686 888 copulsmr
706 807 782 866 unde
801 825 866 866 cum
879 806 982 884 copula
995 813 1061 864 tunc
1074 821 1133 864 non
1146 805 1288 881 sitpossi·

201 904 279 973 bilis,
299 913 388 964 tactus
411 925 476 969 cum
499 909 596 986 seipso
617 909 735 968 omnino
751 907 782 964 ei
806 915 872 964 sunt
891 905 1000 974 illiciti3
1022 913 1081 963 tum
1112 905 1179 979 quia
1200 912 1291 964 tactus
1385 986 1387 990 .

201 1002 412 1079 pudendorum,
435 1006 548 1082 quando
567 1007 638 1066 fiunt
652 1023 775 1073 morose,
796 1014 825 1062 et
843 1023 909 1063 cum
924 1004 1115 1063 commotione
1128 1003 1289 1080 spirituum,

171 1129 182 1148 ν
201 1119 252 1178 per
264 1121 296 1160 se
309 1103 428 1165 tendunt
438 1106 476 1165 ad
489 1106 688 1184 pollutionem,
709 1113 831 1176 suntque
852 1103 984 1181 proxime
1004 1103 1129 1161 connexi
1148 1121 1212 1161 cum
1227 1103 1289 1181 ejus

201 1194 378 1276 periculo.’'¹

244 1304 312 1358 109.
335 1300 469 1381 Conjuge
491 1303 617 1370 absente,
639 1301 787 1360 delectatio
809 1299 844 1358 de
864 1299 968 1378 copula
989 1299 1111 1376 cogitata
1131 1317 1190 1356 non
1215 1310 1292 1358 caret

201 1400 282 1476 gravi
295 1401 433 1476 periculo.
477 1403 539 1460 “Si
560 1400 709 1462 delectatio
731 1399 866 1458 habeatur
887 1417 945 1457 non
965 1400 1058 1456 solum
1077 1417 1143 1457 cum
1164 1417 1292 1458 commo·

203 1499 281 1555 tione
304 1499 467 1575 spirituum,
490 1500 542 1560 sed
564 1502 651 1560 etiem
673 1517 738 1557 cum
759 1498 917 1556 titillatione
938 1515 988 1554 seu
1001 1496 1145 1575 voluptate
1159 1516 1290 1566 venerea,

203 1597 296 1654 sentio
309 1617 375 1656 cum
390 1597 544 1658 Ooncina.
561 1643 568 1659 .
585 1643 592 1658 .
608 1598 707 1656 contra
725 1598 842 1675 Sporcn
866 1614 928 1654 eam
949 1614 1007 1654 non
1027 1615 1113 1673 posse
1132 1597 1262 1655 excusari
1276 1617 1292 1654 a

204 1695 326 1765 mortali,
350 1699 417 1769 quie
440 1699 503 1756 talis
523 1698 671 1759 delectatio
692 1706 736 1754 est
756 1697 887 1773 proxime
907 1695 1058 1772 conjuncta
1077 1713 1141 1754 cum
1162 1696 1292 1772 periculo

205 1793 386 1870 pollutionis.¹
425 1797 516 1856 Serus
539 1795 606 1856 veri
629 1803 697 1873 puto
724 1795 888 1862 dicendum,
912 1795 937 1852 si
957 1795 1030 1853 absit
1051 1794 1101 1854 illa
1122 1795 1293 1873 voluptuosa

204 1893 337 1962 titillatio,
347 1895 413 1969 quia
427 1905 492 1956 tunc
505 1916 563 1956 non
577 1905 620 1976 cst
633 1895 812 1953 delectationi
823 1894 954 1971 proxime
968 1893 1111 1954 adnexum
1134 1895 1293 1970 periculum

203 1991 380 2068 pollutionis,
394 1997 506 2055 etiamsi
527 1996 602 2056 adsit
621 1995 776 2054 commotio
796 1994 957 2071 spirituum,
978 2002 1007 2051 et
1029 1994 1070 2051 sic
1090 2011 1189 2052 revera
1207 1994 1294 2052 sentit

204 2091 347 2160 Sanchez,
361 2113 427 2153 curn
441 2095 479 2154 ibi
493 2115 552 2154 non
566 2104 685 2153 excuset
698 2095 915 2152 delectationem
936 2110 1001 2150 eum
1014 2093 1159 2168 voluptate
1172 2111 1292 2151 venerea

204 2190 255 2248 sed
269 2201 375 2252 tantum
397 2192 441 2273 (ut
453 2191 504 2274 ait)
519 2213 583 2254 oum
597 2195 790 2253 commotione
810 2202 839 2251 et
859 2191 1024 2250 alteratione
1048 2192 1169 2269 portium
1184 2194 1291 2265 absque

205 2289 371 2366 pollutionis
386 2293 523 2369 periculo.
564 2296 603 2352 At
616 2294 760 2366 quietalis
774 2293 928 2351 commotio
942 2291 1103 2369 propinque
1115 2303 1159 2350 est
1172 2292 1214 2351 illi
1228 2291 1292 2350 titil-

205 2389 304 2446 lationi
318 2391 504 2467 voluptuosoe,
519 2393 582 2451 ideo
596 2394 721 2451 maxime
735 2389 866 2449 hortandi
886 2398 952 2446 sunt
964 2391 1113 2466 conjuges,
1126 2401 1158 2448 ut
1171 2391 1293 2448 abstine·

206 2495 253 2544 ant
265 2488 301 2545 ab
312 2487 477 2567 hujusmodi
490 2491 674 2551 delectatione
688 2481 852 2550 morosa.”²
878 2488 972 2545 Venio
984 2489 1021 2546 sit
1033 2483 1143 2546 dictis³

240 2690 283 2756 (l)
302 2689 332 2739 L.
339 2691 371 2741 vi.
381 2708 407 2742 n.
419 2694 477 2742 9³6.
780 2694 824 2760 (2)
845 2692 944 2753 Ibidem,
955 2708 980 2741 n.
994 2694 1052 2742 937.

240 2777 283 2842 (3)
302 2775 413 2841 inclytus
429 2779 529 2843 scriptor
546 2778 586 2828 De
604 2779 704 2828 Meistre
714 2778 744 2828 de
755 2778 863 2844 conjugii
875 2780 953 2829 abusu
964 2777 1015 2826 hee
1026 2777 1191 2842 notavitque
1203 2779 1293 2844 ponde-

204 2864 258 2907 rent
268 2866 361 2923 oportet
379 2861 422 2924 qui
432 2860 571 2912 affectantes
581 2879 677 2912 morum
694 2863 823 2927 puritatem
840 2879 855 2911 e
866 2862 1000 2911 scmtendis
1012 2864 1082 2915 rebus
1093 2863 1241 2914 matrimonii
1252 2864 1292 2912 ab·

205 2939 316 2992 horrent:
335 2943 384 2992 “Si
394 2961 457 2997 nous
468 2947 588 3010 pouvions
599 2947 739 3012 apcrqevoir
750 2947 889 2996 clairement
905 2953 961 2997 tous
975 2947 1010 2995 les
1027 2961 1102 2996 meux
1119 2947 1162 3010 qui
1173 2949 1293 3000 resultent

205 3026 248 3075 des
258 3029 418 3088 geuerations
428 3029 618 3092 desordonnees,
630 3038 654 3080 et
664 3032 707 3082 des
728 3032 906 3082 innombrables
922 3031 1087 3095 profanatione
1098 3031 1128 3079 de
1138 3031 1161 3080 le
1171 3031 1293 3095 premiere

205 3111 238 3162 loi
249 3112 283 3163 du
298 3115 395 3174 monde,
406 3131 471 3166 nous
489 3116 635 3166 recolerions
653 3116 678 3165 d’
700 3115 807 3167 horrens.
840 3115 914 3166 Voild
931 3115 1051 3180 pourquoi
1067 3115 1091 3164 le
1107 3115 1174 3164 settle
1191 3115 1293 3176 religion

205 3199 271 3250 mie
281 3207 319 3250 est
328 3203 394 3254 aussi
404 3203 429 3252 la
439 3203 506 3252 ssuls
516 3202 559 3266 qui
571 3217 627 3252 sens
638 3202 740 3266 pcuvoir
750 3209 804 3252 tout
815 3202 865 3250 dire
876 3199 920 3250 t't'
931 3201 1037 3259 homme,
1049 3213 1075 3248 se
1086 3199 1134 3248 soit
1145 3198 1293 3248 ncenmoins

206 3287 319 3349 emperie
329 3286 363 3336 du
373 3287 486 3349 manage
497 3292 522 3336 et
532 3285 549 3336 l’
561 3286 594 3336 cit
605 3286 695 3336 soumit
705 3285 722 3336 d
733 3287 763 3336 de
774 3286 864 3336 saintes
875 3283 1065 3335 ordonncnces.”
1100 3282 1136 3335 Le
1154 3283 1242 3334 Oomte
1253 3283 1292 3335 De

206 3369 313 3432 Macistus,
325 3371 421 3422 Soirees
432 3373 462 3424 de
473 3370 722 3435 Scine-Petersbourg,
736 3375 748 3419 1
761 3371 896 3429 Eutretien,
907 3385 931 3436 p.
939 3372 980 3424 55.
