3124 5168
248 559 289 614 76
438 551 496 612 DE
517 551 809 614 EUOHARISTIA
830 553 1139 616 MINISTRANDA.

683 1062 825 1122 CAPUT
845 1062 901 1122 ΙΙΙ.

546 1279 586 1320 ou
606 1264 808 1320 nuenamsrm
826 1277 1043 1320 mmssusuon.

415 1439 441 1516 §.
456 1439 481 1499 1.
522 1439 582 1506 Qu
595 1457 716 1499 rossmr
729 1458 913 1499 urursrnanu
928 1439 1173 1499 Eucunnrssmn.

291 1597 341 1651 23.
362 1591 412 1650 Ex
434 1591 641 1651 consuetudine
666 1592 836 1665 cuicumque
855 1591 1017 1651 celebrandi
1037 1591 1153 1651 habenti
1178 1589 1340 1649 facultatem

251 1692 319 1751 licet
331 1691 563 1750 communionem
577 1692 737 1750 ministrare
750 1690 883 1750 fidelibus
894 1691 928 1750 ad
943 1709 1006 1750 eam
1020 1691 1229 1750 accedentibus.
1250 1689 1340 1762 Equi·

252 1792 318 1851 dem
333 1791 488 1868 Religionis
501 1791 553 1850 sub
566 1791 870 1850 excommunicationis
892 1791 979 1868 Papae
999 1799 1148 1850 reservatae
1169 1808 1254 1867 poeua
1267 1800 1341 1848 veta·

253 1902 298 1950 tur
317 1891 451 1950 viaticum
471 1891 609 1968 praebere,
632 1908 697 1948 cum
719 1889 748 1948 id
768 1890 806 1948 sit
825 1889 943 1968 parochi
964 1909 1085 1950 munus:
1107 1899 1137 1949 et
1155 1889 1299 1966 plerisque
1313 1889 1343 1946 in

251 1992 323 2051 locis
337 2000 483 2065 nequeunt
495 1989 594 2049 fideles
608 1998 751 2067 praecepto
764 1990 902 2067 paschali,
923 1989 980 2048 nisi
993 1990 1024 2048 in
1043 2009 1096 2050 sua
1115 1989 1249 2067 paroecia,
1264 1989 1344 2046 satis·

252 2091 363 2148 facere:
386 2089 437 2148 sed
457 2089 510 2146 hac
533 2089 563 2148 in
582 2090 700 2166 regione
713 2091 845 2166 paroeciae
866 2089 1003 2147 hactenus
1026 2099 1126 2148 erecta
1145 2108 1204 2147 non
1224 2098 1299 2156 sunt,
1313 2097 1343 2146 et

249 2190 314 2266 jura
339 2187 445 2247 idcirco
471 2188 578 2246 incerta
603 2191 730 2248 manent.
781 2188 898 2262 Ubique
917 2189 985 2247 licet
1007 2188 1147 2250 sacerdoti
1171 2189 1342 2260 cuicumque

253 2288 379 2364 prebere
404 2289 538 2346 viaticum
559 2288 740 2356 moribundo,
768 2288 793 2346 si
812 2296 909 2365 pastor
930 2288 1012 2357 absit,
1039 2289 1086 2347 vel
1106 2288 1211 2366 injuste
1232 2296 1344 2354 renuat.

254 2387 354 2446 Potest
366 2387 451 2446 etiam
465 2386 608 2457 sacerdos,
623 2387 680 2447 alio
693 2387 853 2456 deficiente,
867 2388 1048 2464 seipsum'in
1066 2388 1166 2446 mortis
1181 2386 1344 2460 discrimine

255 2487 358 2546 viatico
371 2487 500 2546 munire:
522 2487 582 2547 imo
601 2496 682 2546 extra
694 2486 764 2545 illud
777 2487 942 2555 discrimen,
963 2487 1053 2546 solius
1073 2486 1234 2545 devotionis
1247 2504 1343 2554 causa,

254 2595 348 2663 potest
360 2586 571 2646 Eucharistiam
584 2604 698 2644 sumere
710 2585 740 2644 id
753 2586 830 2646 enim
842 2587 944 2645 nullibi
958 2587 1075 2644 vetitum
1089 2581 1216 2662 legitur.¹

286 2688 336 2742 24.
351 2691 370 2720 “
381 2683 526 2743 Diaconos
537 2693 676 2762 praesente
685 2685 853 2762 presbytero
861 2685 1072 2745 Eucharistiam
1081 2683 1222 2742 charitatis
1232 2681 1344 2741 Christi

255 2782 373 2862 populo,
388 2784 413 2841 si
427 2785 583 2842 necessitas
597 2792 690 2860 cogat,
701 2784 799 2862 jussus
814 2785 943 2862 eroget.”
985 2784 1028 2843 Ita
1049 2781 1173 2842 decrevit
1191 2781 1346 2843 concilium

256 2875 550 2960 cathaginenscIV.²
591 2882 695 2943 Gravis
709 2893 803 2943 autem
817 2885 971 2944 necessitas
982 2883 1112 2952 habetur,
1123 2884 1149 2942 si
1162 2883 1257 2942 nullm
1271 2880 1345 2941 adsit

255 2980 389 3041 sacerdos
402 2982 452 3056 qui
470 2981 622 3042 commode
642 2984 738 3060 possit·
753 2983 924 3044 ministrare.
965 2984 999 3043 In
1020 2983 1188 3043 necessitate
1208 2992 1344 3050 extrema,

255 3082 363 3156 absque
383 3082 535 3142 sacerdotis
556 3082 700 3152 mandato,
721 3084 859 3143 diaconus
879 3092 974 3161 potest
993 3092 1021 3141 et
1045 3092 1156 3142 tenetur
1178 3099 1344 3142 succurrere

254 3181 434 3250 moribundo,
455 3183 558 3242 viatico
577 3183 756 3260 praestando:
777 3183 864 3258 idque
883 3191 1018 3261 prestare
1037 3182 1119 3242 debet
1138 3181 1346 3261 superpelliceo

257 3292 286 3340 et
298 3281 371 3340 stola
384 3289 543 3340 transversa
557 3281 684 3342 indutus.

295 3384 346 3437 25.
367 3379 460 3439 Extra
477 3382 676 3442 necessitatem
695 3391 806 3442 constat
824 3401 883 3442 non
902 3383 989 3442 licere
1009 3381 1084 3440 laico
1105 3393 1221 3459 tangere
1240 3397 1345 3457 corpus

257 3479 393 3548 Domini3
414 3489 495 3539 vetus
515 3481 592 3541 enim
614 3480 776 3559 disciplina,
796 3483 879 3560 juxta
902 3500 987 3555 quam
1006 3481 1037 3538 in
1057 3498 1160 3538 manus
1179 3478 1345 3538 communio

257 3577 384 3644 dabatur,
405 3577 453 3636 diu
476 3581 608 3655 abrogata
628 3588 687 3636 est:
709 3579 811 3638 sedin
832 3580 931 3638 mortis
952 3578 1117 3637 discrimine
1138 3585 1218 3654 putat
1237 3577 1345 3634 Suarez

258 3673 373 3746 aliique,
394 3683 492 3734 contra
514 3677 596 3746 alios,
616 3676 703 3736 licere
729 3677 832 3738 clerico
851 3677 899 3736 vel
918 3671 1002 3746 laico,
1023 3677 1079 3734 sibi
1096 3693 1210 3736 sumere
1230 3674 1346 3734 Eucha-

257 3773 382 3833 ristiam:
403 3785 500 3834 censet
512 3777 597 3834 etiam
609 3776 715 3836 laicum
728 3795 763 3837 eo
776 3777 806 3836 in
819 3777 983 3836 discrimine
996 3793 1081 3852 posse
1095 3775 1157 3834 aliis
1172 3775 1343 3834 ministrare.
1383 3791 1384 3794 ’

258 3859 369 3934 llabert
381 3873 451 3934 dicit
464 3875 634 3953 episcopum
647 3875 677 3935 id
688 3877 719 3936 in
732 3886 859 3954 tempore
873 3876 963 3954 pestis
975 3892 1063 3954 posse
1076 3871 1266 3954 permittere.³

560 4093 586 4170 §.
600 4091 641 4152 11.
683 4093 731 4152 Du
745 4110 1052 4165 uoooumrsrnsum.

297 4250 348 4306 26.
359 4247 564 4307 '“Ministrare
579 4246 791 4307 Eucharistiam
810 4247 873 4307 sine
892 4247 1002 4306 lumine
1022 4255 1051 4304 et
1069 4243 1154 4306 solita
1165 4241 1346 4304 consessione

362 4442 404 4509 (l)
423 4442 499 4507 Alph.
510 4444 527 4496 l.
538 4444 570 4494 vi
582 4460 608 4494 n.
619 4446 678 4494 238.
1024 4443 1067 4511 (2)
1086 4438 1150 4493 cm,
1161 4455 1247 4490 mu,

563 4528 606 4596 (³)
625 4527 739 4596 Apuas.
751 4528 778 4579 s.
789 4529 938 4603 utputa
949 4544 975 4580 n,
987 4529 1046 4580 aar.
