3144 5192
266 549 327 608 220
615 541 672 602 DE
694 539 1004 602 ABSOLU'I'IONE.

269 715 298 773 in
313 709 388 770 aliud
403 719 515 786 tempus
529 711 681 777 remittere,
703 727 739 768 eo
760 708 836 782 quod
857 709 973 768 nonnisi
998 708 1088 768 semel
1108 711 1282 769 accesserint
1294 723 1364 788 post

270 829 361 872 annos
381 809 531 887 plurimos,
556 809 601 867 vel
623 810 748 887 peccatis
768 809 946 886 gravissimis
966 809 1071 876 onusti,
1092 807 1223 868 videntur
1236 810 1362 888 prodigi,

269 929 354 986 quem
375 918 455 987 pater
479 909 572 966 statim
594 909 743 986 amplexus
764 917 817 976 est,
838 907 981 975 oblivisci,
1002 916 1031 965 et
1050 909 1160 968 nescire
1187 909 1262 981 quod
1284 910 1365 969 tarda

269 1011 419 1070 molimina
438 1009 548 1068 nesciat
567 1008 690 1086 Spiritus
713 1007 811 1066 Sancti
831 1008 929 1084 gratia.
972 1007 1061 1084 Igitur
1074 1026 1126 1084 pro
1139 1006 1234 1067 indole
1248 1019 1277 1067 et
1289 1009 1365 1068 doti-

269 1112 323 1170 bus
337 1109 500 1187 poenitentis
524 1109 606 1165 venia
625 1108 718 1166 statim
739 1105 880 1184 indulgeri
900 1108 1003 1183 poterit
1015 1108 1185 1183 gravissimo
1199 1111 1362 1184 peccatorit

270 1209 349 1268 alteri
362 1209 398 1266 de
412 1208 494 1283 cujus
515 1205 612 1264 dolore
635 1205 787 1274 dubitatur,
801 1207 916 1264 nonnisi
937 1215 1003 1284 post
1023 1215 1153 1283 tempus:
1176 1207 1254 1265 alteri
1274 1209 1363 1268 etiam

269 1311 319 1381 qui
332 1307 429 1365 dolere
443 1323 508 1362 rere
522 1315 662 1374 censetur,
678 1305 830 1379 aliquando
850 1305 948 1365 dilatio
962 1305 1050 1364 instar
1072 1315 1117 1364 est
1139 1304 1289 1364 medicinae
1304 1325 1364 1380 qua

268 1407 376 1464 cautior
389 1404 530 1463 reddatur.
572 1405 631 1464 Sed
651 1405 809 1464 cavendum
830 1423 866 1464 ne
890 1406 939 1478 qui
963 1405 1059 1462 animo
1082 1405 1238 1482 dispositus
1258 1414 1311 1474 est,
1329 1407 1362 1464 in

269 1505 422 1564 discrimen
437 1515 543 1563 temere
557 1505 734 1583 conjiciatur,
749 1505 844 1582 gratiae
858 1502 987 1562 subsidio
1008 1523 1118 1573 carens,
1140 1513 1169 1562 et
1188 1523 1246 1562 suoe
1260 1505 1367 1582 fragili-

271 1605 335 1663 tatis
350 1605 507 1680 periculum
522 1604 655 1662 facturus.

257 1744 270 1762 t
308 1708 378 1762 205.
401 1704 458 1770 Qut
472 1704 581 1776 absque
595 1703 652 1761 ullo
666 1703 772 1762 doloris
786 1721 873 1761 sensu
895 1720 947 1760 sua
966 1711 1086 1780 peccata
1098 1702 1233 1771 referunt,
1248 1701 1317 1761 adeo
1329 1713 1364 1761 ut

272 1803 463 1863 confessarius
477 1801 614 1860 indicium
628 1801 737 1861 nullum
752 1803 839 1860 animi
852 1803 880 1860 in
895 1802 998 1860 melius
1012 1803 1111 1861 mutati
1121 1801 1242 1879 detegat,
1257 1819 1364 1874 neque-

271 1915 325 1963 unt
337 1903 463 1963 absolvi:
485 1919 544 1960 nou
564 1902 640 1958 enim
656 1903 711 1960 nisi
726 1902 874 1977 poenitenti
894 1901 978 1959 venia
998 1901 1171 1978 indulgetur.
1214 1900 1363 1959 Ceterum

272 2022 329 2062 non
343 2004 437 2060 statim
456 2000 644 2079 judicandum
665 2001 789 2074 aliquem
810 1999 886 2058 haud
907 2000 1013 2068 dolere,
1029 2001 1106 2073 quod
1119 2001 1204 2058 siccis
1219 2001 1320 2068 oeulis,
1334 2009 1365 2058 et

271 2101 372 2178 frigide
386 2101 509 2160 admissa
523 2106 642 2167 enarret,
664 2117 729 2158 nam
750 2117 787 2156 ex
810 2098 906 2157 indole
929 2100 1068 2177 cujusque
1089 2099 1242 2176 plurimum
1257 2098 1364 2176 pendet

268 2199 374 2258 doloris
388 2198 569 2275 significatio.
832 2207 836 2212 ’

476 2417 502 2490 §.
518 2415 556 2473 V.
599 2415 647 2474 De
669 2433 850 2474 ruturcorruu
871 2431 1153 2473 auooncmrsmous.

305 2588 376 2645 206.
399 2584 457 2650 Qui
476 2581 572 2642 odium
593 2585 693 2642 nolunt
711 2581 864 2658 deponere,
880 2591 1027 2655 nequeunt
1046 2582 1130 2640 venia
1149 2582 1260 2650 donari,
1274 2601 1360 2640 nam:

271 2685 349 2757 “qui
363 2700 422 2740 nou
436 2681 530 2758 diligit
542 2689 638 2740 manet
650 2681 679 2738 in
694 2691 783 2738 morte
794 2674 841 2738 :”¹
860 2680 911 2738 sed
932 2683 981 2754 qui
1006 2690 1139 2740 recusant
1160 2682 1301 2750 amicitiae,
1316 2683 1362 2741 vel

270 2778 1181 2858 reconuliatinnisdaretestimonia,nonsuntsratimrejiciendi.
1216 2780 1360 2853 Equidem
1389 2826 1395 2833 s

274 2881 323 2954 qui
336 2885 469 2956 praestant
488 2878 661 2946 auctoritate,
676 2895 882 2952 nonnunquam
896 2879 994 2938 durius
1008 2900 1039 2939 se
1052 2881 1157 2939 habere
1178 2881 1281 2939 debent
1294 2898 1361 2958 erga

272 2978 401 3038 subditos
416 2977 466 3050 qul
485 2996 534 3036 eos
548 2979 699 3036 leserunt:
721 2979 771 3051 qui
784 2979 902 3038 aliorum
916 2981 1026 3056 experti
1046 2990 1112 3038 sunt
1125 2979 1249 3039 nocendi
1269 2979 1362 3038 libidi-

271 3099 349 3148 nem,
370 3088 594 3156 noncoguntur
620 3097 670 3138 cos
697 3078 865 3138 familiarius
892 3088 1026 3136 tractare:
1048 3081 1099 3153 qui
1121 3081 1188 3157 jura
1220 3088 1360 3156 repetunt,

272 3188 395 3258 possunt
407 3178 443 3237 ab
462 3179 498 3238 iis
513 3179 654 3238 abstinere
675 3178 805 3236 amicitiae
819 3177 1075 3255 significationibus
1089 3180 1191 3252 quibus
1205 3197 1239 3236 ea
1259 3178 1360 3236 cedere

272 3280 444 3338 viderentur.
480 3267 629 3338 *Caeterum
644 3279 755 3350 quoties
769 3278 848 3336 nulla
860 3278 954 3336 obstat
965 3279 1036 3336 ratio
1049 3279 1155 3356 gravis,
1169 3278 1362 3337 reconciliatio

268 3376 419 3451 querenda
444 3385 504 3444 θεῖς
524 3397 577 3436 nec
603 3378 685 3435 saclle
708 3375 882 3436 credendum
902 3385 946 3436 est
965 3378 1168 3453 poenitentibus
1188 3377 1300 3436 veniam
1326 3387 1355 3435 et

263 3461 424 3537 vamicitiam
446 3475 654 3552 profitentibus,
668 3477 718 3549 qui
738 3487 834 3537 tamen
855 3477 889 3533 ab
910 3477 989 3535 omni
1009 3478 1190 3536 inimicorum
1218 3477 1361 3535 consortio

269 3576 421 3634 recedunt:
445 3583 465 3609 ‘⁶
477 3575 562 3633 Falsa
571 3577 603 3634 fit
614 3575 812 3652 poenitentia,”
828 3578 920 3647 inquit
939 3577 1093 3636 concilium
1114 3575 1306 3636 Lateranense
1319 3575 1360 3634 II.

271 3680 290 3708 “
300 3674 325 3729 si
339 3671 436 3730 odium
450 3672 480 3728 in
500 3673 585 3730 corde
599 3683 732 3750 gestetur,
745 3683 792 3733 aut
813 3676 839 3734 si
851 3672 978 3734 offensor
998 3677 1113 3736 cuilibet
1125 3695 1184 3736 non
1194 3676 1359 3742 satisfaciat,

221 3760 222 3764 ¹
268 3779 316 3830 aut
329 3772 353 3828 si
366 3768 523 3828 offendenti
533 3769 660 3830 offensus
674 3790 731 3829 non
744 3770 936 3850 indulgeat.’'²

595 3969 691 4044 §.vt
732 3969 781 4029 Ds
802 3988 1033 4057 nussreumouu.

311 4131 382 4186 207.
404 4124 462 4191 Qui
488 4123 580 4182 aliena
605 4125 705 4183 nolunt
731 4127 888 4194 restituere,
915 4137 1060 4210 nequeunt
1084 4123 1211 4187 absolvi:
1236 4124 1365 4200 quodsi

269 4226 448 4301 propositum
461 4223 627 4283 restituendi
640 4224 763 4295 foveant,
776 4227 844 4300 quin
858 4227 979 4303 possint,
989 4227 1119 4284 voluntas
1127 4246 1180 4305 pro
1191 4245 1221 4284 re
1231 4226 1360 4284 habetur.

270 4321 415 4408 Equidem
442 4325 554 4397 quoties
574 4322 609 4382 de
635 4343 665 4382 re
691 4327 859 4404 gravissima
879 4326 979 4404 agitur,
999 4327 1139 4386 restitutio
1165 4322 1294 4384 facienda
1316 4331 1360 4381 est

437 4505 479 4570 (1)
502 4507 513 4552 1
528 4505 600 4555 toan.
610 4521 645 4556 m
659 4507 697 4555 14.
991 4507 1033 4573 (a)
1054 4503 1189 4555 canuit
