3144 5192
279 531 338 587 244
623 519 680 580 DE
701 519 1025 582 INDULGENTllS.

320 695 391 752 255.
410 689 551 754 Jubileus
565 687 734 765 plerumque
754 686 789 745 ad
811 685 976 760 quindecim
997 685 1058 746 diss
1072 687 1257 762 protenditur,
1271 707 1381 765 opera·

283 809 338 866 que
353 792 384 851 in
409 809 466 848 una
485 787 664 848 bebdomada
685 785 848 865 peragenda
867 795 952 845 sunt:
975 804 1012 844 ex
1032 805 1086 844 usu
1108 795 1204 846 nmen
1228 788 1383 847 confessio

283 890 355 948 facta
367 889 484 948 sabbato
498 889 615 965 praevio,
630 887 677 945 vel
690 887 720 944 in
733 885 893 945 festivitatis
906 886 1014 963 vigilia,
1029 895 1160 944 censetur
1173 888 1245 946 iutra
1258 898 1381 963 tempus

283 991 479 1067 prescriptum
494 986 572 1045 fieri:
594 988 669 1045 sicut
681 996 710 1044 et
719 986 884 1044 communio
897 985 997 1044 ultima
1007 984 1161 1044 Dominica
1174 986 1264 1044 facta:
1279 986 1384 1045 media

282 1099 376 1148 autem
403 1087 557 1148 Dominica
582 1085 617 1142 ad
643 1094 793 1157 utramque
820 1083 1028 1144 hebdomadam
1054 1093 1188 1143 censetur
1207 1079 1383 1162 pertinere.¹

282 1188 453 1266 Jejuniater
474 1188 503 1243 in
525 1184 626 1243 eadem
647 1182 836 1251 hebdomada,
857 1184 935 1243 feriis
957 1193 1066 1256 quarta,
1093 1193 1175 1242 sexta
1199 1195 1228 1242 et
1247 1187 1383 1248 sabbato,

283 1287 451 1364 plerumque
465 1283 702 1360 proscribunturr
725 1292 754 1342 et
772 1283 958 1360 eleemosyna
971 1284 1144 1361 pauperibus
1158 1283 1306 1342 tribuenda
1322 1303 1380 1362 pro

282 1387 421 1461 cujusque
436 1382 575 1451 facultate,
590 1383 636 1441 vel
650 1384 738 1442 animi
748 1383 879 1448 arbitrior
894 1393 922 1440 et
935 1383 1062 1440 ecclesiae
1076 1381 1204 1454 quaedam
1219 1383 1380 1461 designata

283 1484 431 1543 visitandae
445 1494 521 1552 sunt,
536 1482 693 1555 etquidem
707 1501 807 1542 omnes
821 1482 923 1540 eodem
939 1482 995 1540 die.
1037 1480 1181 1540 Goemrum
1196 1482 1381 1542 conditiones

282 1601 320 1641 ex
334 1584 488 1661 diplomate
503 1581 663 1655 querende
684 1593 768 1650 sunt;
790 1599 996 1654 nonnunquam
1020 1582 1108 1647 enlm,
1129 1581 1324 1659 eleemosynae
1350 1591 1382 1641 et

280 1684 455 1760 jejuniorum
471 1683 579 1741 omissa
599 1684 754 1750 mentione,
775 1691 1016 1740 sacramentorum
1036 1681 1181 1756 susceptio
1203 1691 1232 1739 et
1253 1683 1380 1740 visitatio

284 1784 414 1842 ecclesia
429 1801 495 1840 cum
509 1783 637 1840 oratione
652 1789 759 1840 tantum
773 1783 936 1858 exiguntur,
958 1780 999 1839 uti
1021 1780 1050 1837 in
1070 1781 1177 1838 recenti
1191 1780 1225 1838 de
1240 1781 1382 1858 Hispani·

283 1903 362 1942 arum
377 1901 466 1960 regno
479 1881 597 1940 indulto.

323 1989 393 2048 256.
415 1982 512 2059 Opera
533 1982 605 2040 alibs
625 1978 720 2037 debita
739 1997 796 2037 non
816 1980 962 2038 sufficiunt
980 1979 1104 2038 Jubilaeo
1126 1979 1282 2049 lucrando;
1298 1999 1381 2060 ,nam

284 2091 369 2140 “una
384 2082 526 2140 solutione
547 2081 645 2152 nequit
664 2078 796 2137 satisfieri
819 2077 928 2156 duplici
952 2078 1048 2138 debito
1070 2097 1203 2146 oneroso,
1226 2090 1309 2156 prout
1333 2088 1379 2136 est

283 2198 367 2256 opus,
383 2181 443 2236 sive
457 2179 584 2238 conditio
599 2179 730 2254 apposita
743 2178 772 2235 in
786 2178 911 2238 Indulto.
954 2179 995 2236 Et
1014 2179 1056 2237 sic
1069 2176 1155 2238 bodie
1170 2179 1324 2237 tenendum
1339 2197 1379 2236 ex
1481 2239 1485 2246 ,

282 2278 364 2336 dictis
379 2299 394 2336 a
409 2279 449 2338 N.
465 2278 500 2337 P.
516 2278 626 2336 Bened.
641 2277 725 2337 XlV.
740 2278 769 2335 iu
782 2277 993 2338 Constitutione
1008 2278 1114 2356 pluries
1128 2273 1266 2347 citata;'’²
1279 2279 1377 2352 itaque

283 2379 353 2438 dans
367 2380 540 2457 pauperibus
554 2379 705 2456 pecuniam
719 2396 757 2436 ex
778 2379 941 2438 confessarii
956 2379 1123 2455 praescripto
1137 2375 1172 2436 ad
1185 2377 1312 2437 fraudem
1333 2396 1377 2436 re·

286 2479 450 2556 parandam,
464 2480 509 2538 vel
520 2481 656 2557 jejunans
671 2487 790 2550 quatuor
803 2481 869 2536 anni
883 2478 1069 2554 temporibus,
1091 2497 1149 2536 non
1164 2487 1277 2554 praestat
1289 2496 1379 2554 opera

284 2579 422 2655 injuncta,
437 2579 488 2636 sed
501 2579 585 2636 debet
598 2578 652 2635 alia
665 2587 767 2653 sponte
782 2577 914 2653 adjicere.

322 2681 391 2736 257.
415 2677 484 2735 Non
510 2677 593 2734 datur
618 2675 701 2732 etiam
729 2677 758 2732 in
781 2675 902 2733 Jubilaeo
923 2674 1041 2734 facultas
1067 2676 1230 2735 absolvendi
1257 2675 1387 2752 compli·

283 2791 356 2831 cem.
398 2773 549 2831 Absolutio
579 2782 672 2829 autern
697 2792 712 2828 a
740 2775 865 2848 peccatis
897 2777 1048 2831 reservatis
1079 2784 1107 2832 et
1138 2776 1278 2842 censuris,
1312 2793 1376 2847 quae

284 2872 368 2947 culpa
390 2881 420 2929 et
439 2871 513 2929 mala
532 2869 589 2928 tide
610 2869 771 2928 confitentis
798 2871 874 2929 nulla
894 2882 947 2941 est,
968 2892 1026 2932 non
1048 2872 1121 2932 tollit
1134 2874 1374 2941 reservationem

283 2989 372 3042 quum
405 2970 521 3029 facultas
552 2969 635 3028 detur
661 2979 692 3028 ut
723 2970 899 3048 indulgentia
931 2973 1090 3048 comparari
1122 2984 1224 3045 queat:
1258 2975 1317 3031 imo
1349 2974 1377 3030 si

283 3074 358 3131 bona
384 3071 441 3130 fide
468 3071 613 3130 confessio
643 3070 716 3129 facta
745 3072 790 3140 sit,
822 3090 906 3144 quam
940 3071 1046 3131 doloris
1081 3070 1193 3131 defectu
1226 3073 1376 3149 contigerit

283 3191 348 3230 esse
362 3164 495 3230 nullam.³
535 3170 621 3238 Quod
644 3171 669 3228 si
692 3171 757 3242 quis
778 3170 983 3231 absolutionem
998 3193 1014 3230 a
1028 3173 1156 3230 censuris
1178 3185 1207 3230 et
1220 3193 1236 3230 a
1248 3173 1374 3249 peccatis

284 3271 434 3328 reservatis
460 3270 624 3338 obtinuerit,
650 3279 679 3327 et
705 3271 841 3347 deinceps
868 3271 1024 3346 neglexerit
1046 3289 1133 3347 opera
1153 3271 1189 3330 ad
1208 3271 1374 3331 lucrandam

282 3368 488 3447 indulgentiam
511 3371 686 3446 prescripta,
711 3388 769 3428 non
790 3370 892 3429 incidit
910 3369 1005 3430 denuo
1027 3370 1056 3429 in
1070 3365 1230 3440 censuras,⁴
1243 3390 1295 3430 nec
1310 3389 1374 3447 pec-

281 3489 344 3528 care
357 3471 480 3545 graviter
492 3468 635 3545 plerisque
649 3467 769 3527 videtur.

320 3572 389 3625 258.
411 3567 575 3638 Aliquando
589 3567 739 3643 apponitur
759 3565 895 3635 conditio,
917 3568 995 3640 quod
1020 3571 1070 3642 qui
1091 3588 1224 3628 censuras
1247 3569 1372 3628 occultas

280 3666 429 3730 contraxit,
444 3665 530 3721 alium
543 3665 684 3732 laedendo,
698 3666 725 3723 ei
739 3664 902 3734 satisfaciat,
925 3668 970 3726 vel
991 3669 1091 3727 saltem
1112 3687 1143 3726 se
1164 3669 1372 3728 satisfacturum

277 3765 387 3842 juratus
402 3762 555 3838 promittat,
570 3773 720 3836 antequam
735 3765 910 3824 absolvatur:
926 3777 1098 3845 quapropter
1107 3769 1131 3826 si
1142 3770 1256 3846 copiam
1270 3768 1372 3832 habeat

281 3862 483 3929 satisfaciendi,
499 3863 653 3922 satisfactio
673 3848 851 3939 plerumque'
861 3867 1034 3926 absolutioni
1048 3868 1148 3945 praeire
1163 3869 1255 3926 debet.
1298 3865 1371 3923 “Ab

280 3966 399 4023 occultis
426 3963 552 4022 censuris
579 3964 616 4022 ob
642 3973 751 4042 partem
777 3963 875 4024 laesam
903 3967 1023 4026 incursis
1044 3985 1102 4027 nou
1122 3969 1200 4043 prius
1224 3967 1371 4025 absolvant

282 4063 496 4146 (confessarii)
518 4080 604 4135 quam
627 4065 701 4142 parti
722 4064 796 4122 laesae
817 4055 957 4144 poenitens
978 4067 1163 4135 satisfecerit,
1185 4066 1231 4124 vel
1251 4067 1277 4123 si
1290 4065 1369 4144 prius

414 4297 456 4362 (1)
477 4295 503 4343 S.
515 4295 591 4360 Alph.
603 4296 618 4345 1.
630 4297 662 4346 vi.
674 4312 699 4345 n.
712 4298 769 4345 aar.
964 4298 1006 4362 (a)
1026 4292 1162 4356 minema.
1174 4299 1231 4346 aas.

414 4383 457 4446 (3)
477 4379 540 4429 Vide
552 4379 577 4428 S.
592 4380 668 4444 Alph.
678 4382 694 4431 l.
707 4381 737 4431 vi.
750 4397 775 4429 n.
787 4383 845 4430 537.
863 4381 944 4440 Quaen
953 4379 977 4431 ii.

412 4465 454 4529 (4)
474 4463 536 4514 Bsu.
547 4464 618 4514 XIV.
630 4465 716 4516 Oonst.
727 4467 798 4517 Inter
804 4465 953 4534 praeteritos,
964 4481 989 4515 n.
999 4469 1039 4516 86.
