3124 5168
249 559 288 614 72
397 551 455 611 DE
477 550 843 610 CONSECRATIONE
864 551 1182 612 EUOHARISTIAE.

249 717 358 778 Censet
370 718 455 796 Lugo
468 717 645 777 sacerdotem
661 717 751 776 lustra
763 718 836 776 velle
849 719 989 778 conficere
1003 729 1224 788 sacramentum,
1239 719 1339 778 altem-

249 828 290 876 tra
302 818 430 886 materia,
445 817 551 890 absque
572 817 668 884 altera,
692 816 894 885 consecranda,
918 818 984 890 quia
1003 817 1135 875 sacerdos
1158 837 1218 877 non
1238 819 1342 896 accipit

247 925 418 994 potestatem
439 914 609 976 conficiendi
626 915 682 974 hoc
695 925 904 974 sacramentum
918 917 974 975 nisi
996 916 1198 976 sacrificando:
1215 917 1266 976 sed
1279 917 1340 975 haec

249 1017 320 1074 ratio
333 1016 464 1075 subtilior
477 1015 596 1074 videtur.
639 1014 750 1073 Omnes
764 1015 936 1074 conveniunt
949 1033 1015 1073 euru
1026 1015 1075 1086 qui
1088 1016 1261 1073 sacrificium
1274 1035 1341 1073 con·

249 1114 334 1174 ficere
347 1115 481 1193 proponit
493 1123 610 1186 utraque
630 1114 748 1172 materia
761 1113 962 1181 consecranda,
973 1131 1081 1190 corpus
1102 1115 1221 1173 Domini
1238 1115 1340 1172 sistere

249 1233 386 1292 praesens,
400 1213 493 1272 verbis
506 1213 537 1272 in
550 1230 654 1289 panem
668 1213 798 1289 prolatis,
809 1221 961 1286 antequam
976 1213 1093 1271 alteram
1113 1213 1259 1272 materiam
1272 1232 1341 1273 con·

250 1322 359 1381 secret;
381 1331 459 1381 nam,
474 1313 516 1370 uti
536 1311 733 1371 animadvertit
756 1313 788 1371 S.
816 1311 967 1371 Thomas:
991 1314 1115 1371 “statim
1142 1312 1224 1371 dictis
1247 1313 1340 1370 verbis

250 1413 472 1470 consecrationis
487 1413 579 1488 panis,
595 1410 688 1468 hostia
701 1421 864 1470 consecrata
877 1413 1045 1488 proponitur
1058 1412 1166 1490 populo
1178 1411 1340 1478 adoranda3

250 1509 326 1584 quod
340 1531 397 1570 non
410 1511 499 1577 fieret,
514 1511 540 1568 si
554 1529 612 1568 non
626 1520 702 1568 esset
722 1512 762 1570 ibi
783 1530 888 1588 corpus
910 1505 1069 1570 Christi.”1
1102 1513 1221 1570 Peracta
1240 1509 1340 1570 hostiae

250 1611 473 1676 consecratione,
489 1609 514 1665 si
528 1609 676 1667 immincat
688 1629 765 1668 mors
780 1610 814 1668 ab
827 1608 971 1678 incendio,
983 1611 1028 1670 rel
1042 1610 1211 1669 'abhostium
1221 1609 1339 1688 impetu,

250 1726 308 1768 non
323 1710 451 1787 culpatur
463 1706 597 1764 sacerdos
611 1708 772 1785 aufugiens,
788 1707 945 1768 dummodo
959 1712 1034 1770 absit
1046 1709 1224 1777 scandalum,
1237 1718 1265 1766 et
1275 1709 1342 1767 fidei

251 1818 441 1886 contemptus.
483 1806 516 1863 Si
540 1824 653 1879 aquarn,
668 1809 715 1865 vel
728 1807 815 1866 alium
834 1807 987 1880 liquorem,
1003 1811 1033 1868 in
1047 1809 1164 1866 calicem
1179 1809 1339 1866 immissum

251 1906 376 1966 advertat
389 1916 454 1984 post
462 1905 561 1963 hostiae
572 1907 825 1974 consecrationem,
837 1914 865 1964 et
875 1907 974 1965 vinum
988 1907 1092 1965 habere
1101 1915 1224 1979 nequeat
1234 1907 1341 1978 absque

250 2007 420 2083 gravissimo
443 2004 636 2070 incommodo,
652 2004 855 2072 velscandalo,
870 2002 993 2063 velvitur
1013 2006 1152 2082 periculo,
1168 2014 1339 2062 excusatur:

251 2103 327 2178 quod
347 2105 424 2162 enim
449 2103 620 2163 sacrificium
641 2103 718 2162 haud
740 2104 912 2181 perficiatur,
926 2123 985 2163 non
1005 2123 1058 2163 sua
1078 2105 1163 2181 culpa
1183 2104 1338 2181 contingit:

249 2204 355 2280 poterit
367 2204 453 2280 igitur
466 2221 565 2279 preces
585 2202 712 2276 reliquas
726 2205 854 2272 recitare,
868 2203 984 2262 omissis
998 2221 1061 2277 que
1080 2201 1116 2260 ad
1136 2203 1254 2260 alteram
1276 2220 1341 2279 spe·

249 2303 323 2362 ciem
337 2303 487 2380 pertinent,
503 2312 531 2360 et
552 2301 675 2362 hostiam
691 2320 814 2372 sumere,
828 2302 953 2376 aliasque
975 2309 1153 2362 consecratas
1174 2300 1341 2360 distribuere

250 2421 304 2480 pro
317 2421 411 2461 more:
433 2419 497 2460 raro
510 2402 587 2460 enim
608 2401 725 2478 expedit
737 2402 876 2479 populum
891 2401 926 2459 de
949 2420 980 2459 re
994 2400 1159 2478 hujusmodi
1173 2400 1266 2459 facere
1280 2418 1341 2459 cer·

250 2503 360 2560 tionem.
403 2501 465 2559 “Si
485 2510 551 2578 post
569 2501 812 2560 consecrationem
829 2499 970 2576 corporis,
984 2510 1032 2558 aut
1051 2501 1137 2559 etiam
1156 2501 1226 2569 vini,
1241 2500 1341 2576 depre-

250 2600 385 2660 henditur
411 2599 538 2658 desectus
565 2599 679 2658 alterius
699 2601 820 2676 speciei,
842 2599 930 2658 altera
955 2600 1016 2677 jam
1036 2609 1208 2666 consecrata,
1230 2608 1295 2655 tuno
1315 2599 1340 2654 si

250 2697 330 2757 nullo
351 2697 437 2756 modo
457 2697 554 2754 haberi
575 2699 678 2775 possit,
693 2697 905 2774 procedendum
925 2700 978 2757 erit
998 2706 1026 2755 et
1045 2698 1140 2755 Missa
1159 2695 1340 2763 absolvenda,

250 2798 290 2856 ita
306 2805 402 2854 tamen
418 2805 450 2852 ut
469 2797 718 2872 praetermittantur
737 2799 823 2856 verba
845 2806 873 2856 et
886 2798 967 2875 signa
981 2816 1044 2869 quae
1065 2797 1208 2874 pertinent
1229 2793 1265 2852 ad
1278 2812 1342 2872 spe-

250 2896 325 2953 ciem
351 2893 542 2953 deficientem.
582 2895 678 2983 Quod*
691 2897 717 2954 si
742 2897 921 2974 expectando
942 2896 1106 2968 aliquandiu
1127 2894 1226 2954 haberi
1239 2894 1341 2971 possit,

250 2993 461 3072 expectandum
474 2995 536 3064 erit,
551 3013 586 3052 ne
596 2995 766 3054 sacrificium
780 3006 891 3054 maneat
904 2989 1151 3074 imperfectum.’‘²
1191 2994 1225 3052 Si
1243 2995 1340 3064 vinum

249 3095 347 3154 haberi
373 3095 476 3171 possit,
490 3094 674 3167 quarendum
700 3097 818 3154 omnino
841 3105 894 3163 est,
908 3103 937 3152 et
961 3091 1202 3153 consecrandum:
1218 3092 1341 3178 quodsi

250 3213 328 3252 error
350 3193 427 3252 haud
444 3192 573 3252 detectus
595 3194 688 3262 fuerit,
712 3195 767 3252 nisi
787 3196 935 3270 absumpta
956 3193 1061 3261 hostia,
1083 3194 1165 3270 panis
1188 3211 1254 3252 cum
1274 3193 1341 3250 vino

250 3290 462 3350 consecrandus
476 3292 528 3349 crit
541 3300 571 3349 ut
591 3302 702 3350 constet
714 3293 856 3370 integrum
879 3293 1070 3352 sacrificium:
1094 3292 1151 3350 nisi
1172 3292 1227 3350 alia
1246 3290 1343 3350 hostia

248 3391 346 3450 haberi
359 3399 493 3465 nequeat,
508 3389 553 3448 vel
565 3389 730 3450 scandalum
751 3392 817 3451 inde
832 3392 969 3452 oriturum
986 3393 1034 3451 sit.
1076 3391 1108 3450 Si
1123 3391 1258 3451 sacerdos
1272 3389 1340 3448 defi·

249 3491 305 3550 ciat
317 3492 461 3557 sensibus,
476 3490 523 3548 vel
536 3491 683 3558 moriatur,
698 3492 793 3550 statim
807 3502 872 3566 post
885 3490 986 3548 hostiae
1001 3489 1253 3554 consecrationem,
1269 3487 1341 3545 alius

248 3587 393 3656 sacerdos,
408 3589 495 3646 etiam
523 3606 581 3647 non
600 3588 730 3666 jejunus,
755 3596 849 3665 potest
873 3587 1046 3646 sacrificium
1071 3586 1217 3662 prosequi,
1242 3602 1342 3642 conse·

248 3684 353 3742 orando
380 3685 469 3744 vino:
497 3684 633 3766 perfectio
660 3686 737 3745 enim
768 3686 901 3746 sacrificii
926 3686 984 3761 legi
1010 3683 1209 3743 ecclesiastica
1238 3683 1342 3761 jejunii

248 3781 392 3860 praevalet.
435 3782 497 3840 “Si
511 3783 621 3854 obierit,
633 3784 816 3862 semiproiata
829 3784 920 3844 forma
939 3783 1099 3861 sanguinis,
1115 3790 1181 3840 tunc
1191 3763 1265 3841 ¹alter
1278 3802 1342 3861 pro·

248 3882 378 3955 sequitur
391 3881 527 3950 Missam,
536 3890 564 3940 et
577 3901 664 3962 super
674 3877 799 3943 eundem
808 3884 928 3943 calicem
937 3891 1046 3959 repetat
1055 3883 1194 3959 integram
1208 3883 1340 3951 formam,

248 3984 283 4042 ab
303 4000 337 4040 eo
350 3983 431 4041 loco:
461 3982 577 4041 ‘Simili
602 3982 701 4052 modo,
720 3983 785 4042 eto.'
807 3983 862 4043 Vel
890 3991 988 4060 posset
1009 4001 1096 4060 super
1116 3981 1203 4041 alium
1223 3983 1340 4042 calicem

248 4093 438 4160 preparatum
453 4081 591 4159 integram
606 4082 728 4142 formam
742 4084 877 4160 perlicere
891 4091 919 4141 et
932 4082 1054 4142 hostiani
1068 4081 1155 4159 primi
1177 4081 1340 4146 sacerdotis,

248 4193 276 4240 et
297 4183 468 4259 sanguinem
489 4201 548 4240 aee
562 4191 761 4243 consecratum
774 4201 899 4251 sumere,
913 4191 942 4241 et
955 4181 1059 4242 deinde
1077 4180 1197 4242 calicem
1215 4179 1342 4238 relictum

247 4281 321 4338 semi
332 4274 578 4339 consecratum.”³

283 4435 324 4501 (l)
343 4433 377 4484 iii.
389 4451 413 4498 p.
421 4453 462 4500 qu.
474 4437 571 4489 lxxviii.
582 4445 625 4490 ert.
637 4437 668 4487 vi.
698 4437 746 4489 Sed
755 4443 849 4490 contra.
1016 4439 1058 4504 (2)
1078 4435 1183 4486 Robrica
1194 4431 1309 4482 Missnlis.

524 4523 526 4528 ⁴
653 4523 696 4589 (³)
716 4521 779 4570 Rub.
791 4521 827 4571 tit.
838 4537 862 4570 a.
874 4536 899 4569 n.
910 4523 934 4570 3.
