3124 5168
358 519 418 582 DE
439 517 803 581 CONSECRATIONE
823 518 1141 584 EUOHARISTIAE·
1261 530 1301 590 73

253 692 301 747 15.
322 688 401 749 Dum
420 688 516 766 plures
536 687 698 774 sacerdotes
713 686 749 747 ad
767 687 890 748 candem
909 689 1058 748 materiam
1077 692 1301 756 consecrandam

210 798 392 857 concurrunt,
412 789 453 847 uti
466 789 497 846 fit
510 787 579 848 dnm
600 787 773 857 ordinantur,
794 806 898 848 ornnes
913 789 1001 848 simul
1021 791 1107 850 verba
1125 791 1300 868 proferentes

212 897 419 949 sacramentnm
439 889 604 948 conficiunt.
646 887 732 954 Quod
751 888 777 946 si
796 907 871 947 unus
892 901 956 948 ante
976 888 1047 948 ahos
1067 909 1102 948 ea
1121 891 1246 967 proferat
1264 912 1301 954 cx

210 989 366 1048 intentione
380 987 567 1048 consecrandi
590 985 816 1064 independenter
828 989 863 1046 ab
877 988 951 1057 aliis,
968 989 1032 1066 ipsc
1045 990 1124 1049 solus
1141 1005 1299 1054 consecrat.

212 1085 290 1147 Hinc
312 1097 411 1147 monet
433 1088 465 1146 S.
489 1087 657 1165 Alphcnsus
678 1088 840 1146 sacerdotes
866 1107 957 1147 novos
984 1087 1088 1148 debere
1114 1090 1302 1152 intentionem

211 1187 398 1248 consecrandi
411 1188 450 1246 ita
462 1186 592 1256 definire,
606 1196 638 1246 nt
650 1185 739 1245 velint
751 1205 919 1246 consecrare
933 1206 1070 1249 unacum
1083 1189 1233 1268 episcopo,
1248 1210 1302 1252 nec

212 1287 300 1356 alias;
321 1296 350 1346 et
362 1296 394 1345 ut
413 1287 506 1346 nolint
524 1287 641 1346 calicem
662 1304 842 1355 consecrare,
857 1288 882 1346 si
901 1305 1007 1365 panem
1020 1287 1092 1348 forte
1105 1287 1184 1348 haud
1202 1309 1302 1350 consc-

211 1379 373 1446 marerint.¹

252 1489 299 1545 16.
321 1483 445 1554 Quando
470 1484 613 1544 dubitatur
633 1503 669 1544 an
692 1483 794 1542 hostia
815 1485 874 1543 sint
893 1493 1075 1554 consecrate,
1090 1505 1125 1544 v:
1146 1506 1182 1566 g:
1203 1488 1302 1550 relicto

211 1585 319 1645 ciborio
328 1594 406 1644 extra
419 1585 565 1661 corporale
576 1604 592 1641 a
607 1584 734 1652 sacrista,
747 1583 858 1643 absumi
871 1585 1193 1661 poteruntasacerdote,
1208 1597 1304 1666 “post

214 1683 386 1745 ablutionem
406 1682 542 1744 sedante
562 1683 808 1761 purificationem:
837 1684 905 1756 qnia
924 1683 1049 1757 reliquie
1069 1687 1218 1764 sanguinis
1238 1699 1304 1748 sunt

213 1793 286 1842 certe
305 1795 524 1852 sacramentnm,
539 1781 591 1842 sed
610 1783 712 1842 hostia
725 1783 782 1841 illae
797 1783 826 1842 in
839 1783 948 1842 ciborio
961 1793 1028 1842 sunt
1044 1779 1185 1844 dubiae.’'²
1225 1785 1304 1846 Con·

213 1883 354 1944 secrandae
377 1892 469 1942 summ
497 1901 554 1942 non
574 1891 650 1951 sunt,
672 1883 758 1943 ctiam
784 1883 838 1941 snb
858 1882 1032 1952 conditione,
1053 1902 1142 1957 quum
1162 1885 1304 1946 sacrificio

168 1963 174 1974 ⁸
212 1985 422 2044 consecratione
436 1990 561 2061 peracto,
575 2001 634 2042 non
648 1983 731 2041 liceat
742 1971 851 2042 ⁸iterum
872 2000 1059 2048 consecrare:
1080 2001 1138 2066 uec
1146 1983 1257 2044 videtur
1270 1985 1303 2043 S.

212 2083 361 2160 Alphonso
374 2083 460 2142 licere
480 2099 529 2140 eas
543 2083 573 2142 in
587 2081 643 2140 alia
662 2082 757 2140 Missa
769 2083 823 2141 sub
842 2083 1005 2142 conditione
1022 2102 1198 2155 consecrare,
1213 2104 1302 2160 quum

214 2181 286 2240 desit
294 2185 375 2262 Justa
387 2199 482 2250 causa,
497 2182 603 2259 quippe
618 2200 688 2254 quas
701 2181 769 2240 licet
782 2183 941 2241 absumere.

255 2285 303 2341 17.
334 2283 368 2339 Si
390 2279 542 2358 contigerit
565 2279 673 2340 hostias
696 2299 755 2341 non
776 2291 955 2341 consecratas
978 2283 1152 2342 consecratis
1178 2285 1303 2352 misceri,

213 2398 316 2440 omncs
330 2381 431 2439 iterum
444 2381 498 2438 sub
517 2379 680 2440 conditione
700 2379 901 2441 consecranda
914 2389 1005 2448 crunt,
1019 2399 1085 2439 nam
1106 2383 1226 2440 intentio
1240 2401 1303 2454 qnae

213 2481 243 2539 in
257 2498 316 2540 non
328 2487 505 2539 consecratas
518 2477 645 2548 serretur,
659 2499 716 2539 non
727 2479 842 2539 haberet
854 2479 999 2538 delinitam
1013 2472 1186 2539 materiam.³
1225 2479 1305 2540 Cou-

213 2579 282 2640 ditio
295 2589 389 2638 antem
402 2579 451 2638 illa
463 2588 559 2638 mente
571 2589 707 2657 concepta
720 2598 786 2639 cnm
806 2579 933 2639 absoluta
946 2579 1104 2639 intentione
1116 2579 1304 2640 consecrandi

215 2680 336 2738 hostiam
352 2680 501 2757 majorem,
516 2679 653 2756 conjungi
665 2680 779 2756 poterit.

253 2783 300 2837 18.
323 2779 357 2837 Si
369 2779 471 2838 hostiae
486 2796 579 2856 parvae
589 2779 619 2837 in
633 2777 762 2838 fidelium
773 2779 1005 2838 communionem
1015 2779 1117 2839 oblata
1128 2799 1186 2840 non
1200 2781 1305 2840 inerint

213 2897 269 2936 nna
287 2897 354 2936 cnm
374 2877 469 2936 hostia
484 2878 597 2956 majori,
611 2878 777 2955 plerumque
797 2897 855 2938 non
874 2877 1176 2940 debeatconsecrari:
1204 2881 1256 2940 sed
1280 2881 1304 2938 si

213 2976 299 3054 paulo
320 2986 387 3055 post
408 2977 571 3045 afferantur,
593 2978 691 3036 licebit
711 2996 759 3036 eas
783 2986 876 3036 mente
900 2977 1014 3043 offerre,
1037 2979 1063 3034 si
1085 2997 1166 3050 equa
1188 2978 1306 3037 suadeat

213 3096 306 3136 eausa.
348 3077 468 3155 Incepto
494 3095 604 3135 canone
631 3077 679 3135 vix
703 3077 781 3145 licet,
807 3077 864 3136 nisi
890 3076 986 3154 plures
1007 3074 1078 3134 aliis
1099 3075 1229 3153 privandi
1249 3076 1306 3135 sint

214 3178 427 3236 communione.
469 3177 541 3235 Post
556 3176 801 3236 consecrationem
814 3176 916 3235 hostiae
930 3173 1060 3252 majoris,
1071 3176 1133 3253 jam
1146 3175 1305 3234 nullatenus

214 3275 282 3334 licet
294 3276 363 3334 alias
377 3276 407 3335 in
426 3275 525 3337 cadem
539 3276 634 3335 Missa
653 3294 830 3336 consecrare.
872 3275 905 3334 Si
924 3293 998 3335 nnus
1012 3275 1050 3333 ait
1062 3276 1111 3347 qui
1125 3274 1161 3334 ad
1180 3293 1307 3336 commu·

215 3377 332 3434 nioncm
342 3374 460 3444 accedit,
475 3375 578 3452 poterit
586 3374 721 3434 sacerdos
732 3375 871 3434 exhostia
881 3374 982 3452 majori
992 3383 1100 3450 partem
1112 3375 1155 3434 illi
1168 3376 1304 3452 prebere,

215 3477 240 3534 si
254 3475 381 3548 alioquin
394 3473 443 3534 diu
458 3483 609 3552 expectare
622 3475 721 3546 debeat
730 3465 990 3534 communionem.⁴

257 3578 303 3634 19.
325 3575 395 3635 Non
408 3575 492 3634 debet
504 3575 594 3635 nimia
606 3573 761 3635 hostiarum
771 3575 854 3652 copia
867 3573 1038 3642 consecrari,
1048 3571 1100 3632 sed
1110 3593 1164 3652 pro
1178 3573 1305 3635 tidelium

213 3674 351 3751 pmbabili
371 3693 510 3735 numero:
533 3692 597 3748 quae
618 3677 755 3734 antemio
774 3674 955 3734 tabernaculo
974 3684 1160 3752 reponuntur,
1182 3676 1304 3754 singulis

216 3773 453 3845 hebdomadibus,
467 3793 519 3833 scu
539 3772 639 3833 saltem
653 3773 727 3834 intra
746 3773 909 3846 quindecim
922 3774 995 3843 dies,
1009 3784 1075 3834 snut
1093 3775 1306 3842 distribuendae,

217 3873 264 3932 vel
277 3872 457 3935 absumendae
471 3894 487 3934 a
501 3871 660 3933 sacerdote.
703 3873 736 3932 Si
749 3875 843 3934 minor
851 3874 889 3932 sit
901 3893 1048 3942 numerus,
1062 3882 1194 3951 potemnt
1206 3874 1306 3932 hostis

123 4032 127 4038 ,
217 3971 305 4031 dividi
325 3974 355 4032 in
375 3985 480 4053 partes,
501 3992 559 4033 non
579 3981 674 4032 tamen
694 3972 765 4034 adeo
785 3992 886 4052 parvas
902 3983 934 4034 ut
953 3973 1086 4033 fidelibus
1105 3973 1227 4032 honeste
1246 3970 1307 4028 dari

214 4071 390 4145 nequeantz⁵
408 4085 438 4134 ct
450 4074 554 4133 divisio
566 4073 642 4151 apud
656 4073 741 4132 altare
754 4073 924 4150 plerumque
938 4071 1068 4132 facienda
1080 4080 1133 4128 cst.

254 4176 304 4231 20.
325 4174 433 4234 Forma
445 4172 633 4233 Eucharistiae
647 4173 677 4232 in
698 4173 814 4233 Missali
834 4173 967 4233 Romano
981 4171 1112 4231 habetur.
1154 4167 1189 4227 In
1202 4167 1306 4245 panem

347 4327 393 4401 '(1)
412 4331 442 4383 L.
452 4333 483 4383 vi.
494 4349 520 4384 n.
532 4335 590 4382 232.
861 4331 905 4396 (2)
924 4327 951 4377 S.
964 4325 1039 4390 Alph.
1050 4327 1066 4376 l.
1077 4326 1109 4376 vi.
1121 4342 1146 4376 n.
1157 4329 1215 4378 217.

351 4409 620 4485 (mitthenrieth.
794 4417 797 4420 “
865 4413 908 4478 (l)
928 4409 1063 4471 Ibidem,n.
1079 4413 1137 4462 217.

453 4503 495 4570 (5)
515 4501 681 4552 Buscmbaum
690 4496 756 4564 apud
767 4496 794 4547 S.
805 4495 880 4561 Alph.
892 4495 908 4545 1.
920 4493 952 4546 ri.
963 4510 988 4545 n.
1001 4496 1061 4548 245.

255 4579 330 4640 Von.
345 4579 463 4641 111.-s
