3172 5172
252 579 308 634 128
528 571 585 632 DE
608 571 801 633 MATERIA
821 571 879 633 ET
900 572 1056 634 FORMA.

251 742 398 819 negaverit
411 740 446 799 ad
459 741 597 818 integram
613 749 640 797 et
653 739 808 817 perfectam
822 750 1003 817 peccatorum
1022 741 1223 801 remissionem
1236 743 1341 816 requiri

250 853 307 900 tres
321 851 402 898 actus
416 841 446 898 in
459 840 624 917 prenitente,
639 841 720 912 quasi
735 841 880 898 materiam
891 842 1061 900 sacramenti
1070 841 1254 918 poeuitentiae,
1265 842 1342 901 vide·

250 943 318 1001 lieet
331 940 539 1007 contritionem,
555 938 777 1007 confessionem,
801 949 828 996 et
847 939 1082 1008 satisfactionem,
1104 960 1166 1015 quae
1183 950 1238 999 tres
1252 942 1341 1018 poeni·

251 1041 343 1100 tentiae
357 1049 450 1116 partes
470 1039 610 1107 dicuntur,
626 1039 774 1096 anathema
793 1029 878 1096 sit.’'l
919 1039 982 1096 “In
996 1040 1052 1098 illis
1065 1040 1283 1108 sacramentis,”
1298 1041 1341 1100 in·

252 1143 313 1213 quit
327 1138 358 1197 S.
376 1139 517 1206 Thomas,
533 1147 625 1212 “quae
645 1137 750 1195 habent
771 1136 907 1196 effectum
928 1139 1194 1216 correspondentem
1208 1139 1339 1197 humanis

251 1241 371 1307 actibus,
387 1239 442 1314 ipsi
455 1248 534 1296 actus
548 1237 664 1294 humani
685 1245 752 1294 sunt
770 1236 837 1297 loco
855 1236 989 1305 materiae,
1003 1248 1036 1296 ut
1047 1237 1148 1297 accidit
1160 1239 1189 1296 in
1201 1239 1340 1315 poeniten-

250 1341 289 1397 tia
314 1347 342 1396 et
366 1337 556 1396 matrimonio.
608 1335 688 1393 Sicut
718 1337 803 1395 etiam
824 1338 852 1394 in
876 1335 1024 1395 medicinis
1045 1336 1238 1415 corporalibus
1264 1357 1339 1412 quae·

251 1437 316 1496 dam
330 1446 396 1494 sunt
408 1455 454 1495 res
468 1437 593 1495 exterius
614 1435 754 1504 adhibita,
775 1436 849 1494 sicut
867 1436 1020 1513 emplastra
1033 1447 1061 1494 et
1075 1438 1242 1497 electuaria:
1264 1455 1339 1510 quae·

251 1536 315 1596 dam
330 1535 397 1594 verb
418 1545 484 1595 sunt
505 1546 584 1594 actus
606 1535 806 1603 sanandorum,
830 1548 900 1612 puta
921 1536 1139 1596 exercitationes
1161 1525 1340 1610 quaedam.”²

253 1637 353 1695 Animi
366 1634 456 1704 dolor,
477 1645 505 1693 et
523 1619 678 1696 confitendi
691 1644 719 1692 et
731 1634 925 1694 satisfaciendi
938 1637 1116 1712 propositum
1130 1635 1165 1694 ad
1188 1639 1339 1695 essentiam

250 1736 420 1795 sacramenti
433 1743 562 1812 spectant
574 1753 582 1802 3
603 1733 661 1793 imo
675 1744 703 1792 et
716 1733 861 1793 confessio
875 1735 1025 1808 quaedam:
1048 1735 1098 1794 sed
1112 1737 1266 1796 satisfactio
1280 1737 1341 1813 ipsa

251 1837 367 1896 nonnisi
381 1835 417 1893 ad
429 1836 628 1912 integritatem.

290 1940 318 1994 3.
342 1936 518 1994 “Murmur
537 1951 669 1992 rnoxrrra
681 1931 766 2010 hujus
786 1934 954 1992 sacramenti
974 1941 1040 2001 sunt
1059 1941 1136 1992 actus
1156 1935 1335 2011 penitentis:

249 2036 331 2111 cujus
344 2034 548 2094 moteriosunt
560 2041 685 2110 peccata,
697 2031 846 2105 dequibus
860 2031 945 2100 dolet,
959 2041 988 2090 et
998 2051 1061 2107 qua
1074 2032 1230 2100 confitetur,
1240 2043 1269 2090 et
1282 2051 1336 2110 pro

249 2134 351 2206 quibus
363 2133 509 2194 satisfacit.
551 2131 637 2191 Unde
651 2131 828 2205 relinquitur,
838 2131 914 2205 quod
923 2141 1030 2190 remota
1040 2133 1158 2190 materia
1166 2132 1338 2208 poenitentiae

248 2241 314 2291 sunt
326 2241 452 2309 peccata,
468 2250 526 2292 non
546 2229 729 2308 acceptanda,
743 2231 795 2289 sed
814 2230 977 2290 detestanda
989 2241 1018 2289 et
1037 2226 1255 2290 destmenda.'’³
1294 2232 1338 2291 Ita

248 2333 280 2389 S.
308 2332 450 2392 Thomas.
492 2333 614 2391 Materia
635 2329 805 2391 necessaria
827 2330 960 2390 dicuntur
979 2342 1095 2408 peecata
1114 2333 1253 2400 mortalia,
1273 2339 1339 2408 post

249 2433 423 2510 baptismum
446 2429 587 2490 admissa:
615 2429 906 2508 materia'sufficieos
926 2439 994 2489 sunt
1006 2440 1133 2508 peccata
1152 2432 1282 2500 venialia,
1296 2430 1342 2490 vel
1368 2433 1369 2438 ’

247 2543 363 2608 peccata
376 2532 506 2591 mortalia
522 2533 583 2609 jam
603 2533 733 2590 remissa.
775 2531 847 2596 Quae
868 2539 930 2588 ante
950 2531 1121 2606 baptismum
1135 2540 1201 2590 sunt
1219 2541 1336 2607 patrata,

247 2631 358 2690 lavacro
370 2632 535 2689 abluuntur:
551 2628 628 2704 quod
640 2630 665 2687 si
673 2628 835 2706 poenitentis
846 2631 935 2690 animi
945 2629 1054 2689 defectu
1068 2629 1098 2689 id
1111 2647 1168 2688 non
1181 2630 1334 2707 contingat,

247 2731 395 2806 poenitenti
406 2728 508 2787 deinde
518 2730 697 2812 remittuntur
705 2728 733 2785 vi
740 2728 893 2806 baptismi:
909 2729 1039 2798 “fictio,”
1052 2728 1181 2802 inquitS.
1192 2728 1334 2798 Thomas,

248 2837 266 2864 “
275 2847 333 2887 non
343 2837 503 2886 removetur
513 2848 564 2906 per
573 2829 757 2905 baptismum,
768 2827 818 2886 sed
829 2847 881 2906 per
890 2830 1083 2906 prenitentiam
1093 2829 1312 2901 subsequentem
1325 2849 1332 2885 :

247 2947 304 3001 qua
317 2937 436 2997 remota,
450 2928 608 3007 baptismus
623 2929 712 2987 aufert
725 2927 838 3004 culpam
852 2938 880 2986 et
892 2937 999 2987 reatum
1013 2929 1141 2987 omnium
1155 2938 1336 3005 peecatorum
1364 2943 1366 2948 '

247 3027 468 3105 precedentium
494 3030 678 3107 baptismum,
702 3037 730 3086 et
749 3029 834 3087 etiam
861 3028 947 3086 simul
972 3029 1156 3088 existentium
1176 3047 1241 3088 cum
1267 3030 1336 3106 bap·

247 3122 381 3188 tismo.”⁴
421 3129 519 3206 Ipsam
539 3129 683 3188 fictionem
697 3146 760 3202 quae
775 3130 804 3187 in
817 3128 958 3204 baptismo
972 3127 1157 3205 suscipiendo
1170 3126 1334 3196 admittitur,

246 3230 433 3287 necessariam
450 3248 513 3286 esso
527 3230 699 3306 poenitentia
720 3229 867 3286 materiam
886 3228 1017 3304 plerique
1038 3237 1148 3305 putant,
1164 3247 1251 3301 quum
1271 3245 1336 3286 con·

246 3338 405 3386 summetur
417 3337 563 3404 peccatum
577 3329 640 3405 ipso
648 3327 781 3406 fingentis
793 3329 822 3386 in
833 3327 984 3386 ecclesiam
995 3327 1143 3404 ingressu:
1164 3327 1215 3385 sed
1223 3337 1333 3386 constat

245 3445 309 3500 quae
330 3421 536 3505 praecesserunt
555 3438 671 3506 peccata
691 3446 750 3487 non
772 3447 836 3486 esse
860 3428 1028 3486 sacramenti
1044 3427 1226 3504 'penitentiae
1247 3437 1334 3485 mate·

245 3528 326 3584 riam.
382 3527 514 3586 Venialia
539 3527 670 3587 dicuntur
688 3528 805 3586 materia
830 3526 987 3596 sufficiens,
1008 3527 1077 3601 quia
1096 3533 1216 3604 possunt
1234 3525 1334 3582 virtute

245 3625 367 3683 clavium
388 3628 502 3694 remitti,
516 3646 581 3685 nam
602 3639 720 3703 peccata
739 3627 835 3684 omnia
854 3625 1015 3686 remittendi
1034 3625 1098 3684 data
1110 3633 1183 3684 esta
1202 3623 1330 3683 Domino

245 3731 390 3800 potestas:
418 3723 470 3782 sed
495 3743 553 3782 non
579 3736 645 3784 sunt
670 3727 837 3784 necessaria.
854 3727 980 3796 materia,
1007 3726 1073 3800 quia
1097 3742 1155 3783 non
1180 3723 1335 3782 excludunt

243 3823 390 3882 hominem
414 3843 430 3880 a
450 3841 538 3902 regno
561 3825 675 3893 caelesti,
695 3833 723 3881 et
741 3825 837 3883 multis
851 3826 912 3884 aliis
929 3825 1085 3906 rationibus
1101 3842 1201 3884 eorum
1219 3824 1332 3883 veniam

240 3923 307 3982 licet
331 3924 481 3997 consequi.
524 3923 595 3990 Quae
622 3933 704 3982 antea
722 3925 843 3983 remissa
862 3936 928 3983 sunt
947 3926 1097 4004 poenitenti
1116 3933 1242 4003 peecata,
1264 3934 1331 3983 sunt

244 4023 361 4083 materia
381 4023 537 4091 sufficiens
558 4024 625 4098 quia
644 4025 679 4082 iis
700 4024 802 4084 iterum
822 4025 944 4094 defletis,
959 4025 1121 4086 confirmari
1142 4033 1237 4103 potest
1249 4024 1331 4081 venia

240 4125 301 4201 jam
322 4123 395 4194 data,
416 4135 445 4184 et
467 4143 551 4202 poena
572 4125 692 4192 remitti;
714 4135 743 4182 et
761 4126 850 4202 gratia
869 4125 990 4203 amplior
1006 4125 1139 4184 conferri.
1181 4124 1216 4183 ln
1235 4123 1333 4182 mortis

245 4223 422 4294 discrimine,
445 4225 561 4299 quando
587 4223 797 4284 confessionem
826 4223 1012 4286 moribundus
1039 4225 1139 4299 nequit
1163 4224 1265 4290 faeere,
1286 4222 1332 4280 vel

280 4461 322 4526 (¹)
343 4460 407 4508 30³⁵·
419 4462 468 4511 xiv·
480 4478 532 4512 can.
545 4465 576 4513 iv.
833 4468 875 4530 (2)
895 4465 928 4514 iii.
939 4480 963 4528 p.
975 4480 1015 4528 qu.
1028 4463 1122 4514 lxxxiv.
1134 4469 1178 4514 art.
1189 4463 1221 4512 iv.
1234 4462 1264 4511 ad
1280 4465 1300 4509 1.

277 4545 319 4610 (³)
339 4542 526 4604 Ibidem‚art.'1i.
555 4549 630 4613 Resp-
828 4551 869 4614 (t)
890 4548 989 4608 Ibidem,
1001 4565 1043 4612 qu.
1055 4549 1115 4599 lxix.
1128 4555 1171 4596 art.
1182 4564 1207 4598 x.
1220 4547 1250 4597 ed
1262 4550 1286 4595 2,
