3172 5172
606 536 663 597 DE
685 534 995 596 OONFESSIONE.
1292 543 1349 600 tos

258 706 335 767 dotis
354 722 452 764 eorum
472 703 601 762 callentis
620 702 758 780 linguam,
779 713 900 780 possunt
920 703 1010 772 alteri,
1034 703 1084 779 qui
1104 703 1280 779 aliquatenus
1300 724 1350 766 eos

260 805 404 884 intelligit,
415 803 553 872 confiteri,
563 821 619 878 qua
627 803 739 862 valeant
751 803 869 871 ratione,
880 803 906 861 si
919 804 1017 862 mortis
1027 805 1185 880 periculum
1195 806 1350 873 immineat,

261 905 307 964 vel
316 905 400 983 juxta
412 905 519 981 plures,
533 904 558 961 si
571 912 669 980 urgeat
680 912 854 981 preceptum
867 903 1018 979 paschale;
1040 903 1099 962 imo
1111 905 1136 962 si
1149 907 1266 982 cupiant
1277 905 1351 964 solvi

262 1013 443 1082 peccatorum
453 1003 579 1070 viuculo,
590 1011 618 1060 ct
628 1003 745 1064 timeant
757 1004 990 1080 opportuniorem
1003 1002 1155 1062 confitendi
1168 1006 1350 1065 occasionem

262 1104 310 1163 diu
324 1103 380 1162 sibi
394 1102 562 1162 defuturam.
605 1101 746 1161 Sacerdos
760 1103 810 1177 qui
822 1121 906 1162 suurn
920 1101 1049 1162 confiteri
1069 1113 1218 1180 peccatum
1238 1107 1349 1179 nequit,

261 1203 318 1263 nisi
331 1203 421 1262 fracto
434 1203 530 1279 sigillo
551 1204 730 1272 sacramenti,
744 1202 814 1262 illud
834 1203 962 1261 omittere
982 1201 1082 1260 debet:
1104 1221 1157 1260 nec
1175 1205 1252 1261 enim
1271 1205 1349 1272 licet,

261 1305 347 1362 etiam
374 1303 404 1362 in
430 1301 571 1370 tribunali,
598 1301 707 1375 aliquid
734 1302 867 1380 proferre,
895 1320 953 1376 quo
979 1320 1112 1361 arcanum
1138 1302 1210 1362 adeo
1237 1321 1349 1380 sacmur

261 1402 405 1480 prodatur.
448 1400 505 1468 Qui
528 1419 612 1478 grave
633 1401 779 1470 damnum,
801 1401 974 1461 confessioni
993 1400 1069 1461 haud
1089 1400 1244 1471 adnexum,
1259 1421 1296 1462 ex
1316 1421 1350 1460 ca

260 1503 316 1560 sibi
329 1500 374 1558 vel
383 1501 462 1560 alteri
470 1499 583 1560 aliunde
595 1499 790 1569 adveutumm,
802 1501 881 1559 timet
891 1519 927 1558 ex
936 1500 1061 1574 quodam
1069 1511 1187 1578 peccato
1196 1501 1348 1570 declarato,

263 1612 425 1668 excusatur,
440 1602 465 1658 si
490 1600 559 1659 illud
585 1602 710 1659 reticeat.
758 1599 880 1667 Quando
906 1601 1065 1678 poenitenti,
1090 1601 1138 1659 rel
1163 1601 1348 1669 confessario,

263 1700 396 1758 imminet
420 1700 484 1758 vitae
509 1702 668 1776 periculum
688 1719 726 1759 ex
752 1699 933 1760 consessione
958 1709 1139 1778 poeoniorum
1160 1701 1348 1779 singulomm,

262 1799 368 1857 sufficit
391 1817 453 1872 quae
479 1808 537 1858 tuto
564 1801 621 1859 dici
647 1810 769 1877 possunt
795 1800 932 1859 confiteri.
988 1799 1039 1859 Sic
1064 1801 1089 1859 si
1113 1803 1253 1878 poenitens
1278 1799 1349 1858 adeo

260 1907 376 1976 aegrotet
388 1907 418 1956 ut
437 1910 560 1972 nequeat
580 1910 697 1978 peccata
717 1918 864 1958 recensere
884 1901 989 1972 absque
1003 1902 1067 1958 vito
1086 1899 1345 1967 discriminamus
1443 1984 1446 1987 .

260 2008 304 2056 est
318 2017 406 2058 unum
420 1998 575 2058 alterumve
589 1999 696 2068 audire,
710 2009 741 2058 ut
761 2000 930 2058 absolvatur.
973 1999 1006 2056 si
1027 2009 1108 2057 antea
1127 1998 1202 2057 haud
1216 2000 1269 2057 rite
1282 2017 1348 2057 con·

260 2097 364 2167 fessus,
380 2099 466 2157 totius
480 2099 555 2167 vita,
570 2100 616 2158 vel
632 2099 757 2158 diuturni
777 2101 913 2175 temporis
927 2099 1010 2175 spatii
1031 2099 1227 2158 consessiones
1239 2100 1349 2176 ⁴iterare

255 2199 317 2276 jarn
339 2216 398 2256 non
418 2198 518 2267 valeat,
542 2201 649 2275 poterit
669 2200 788 2266 absolvi,
808 2199 977 2270 quibusdam
998 2198 1090 2266 dictis,
1108 2200 1265 2276 pracsertim
1285 2215 1349 2271 que

259 2297 382 2363 reticuit,
405 2315 527 2369 queque
547 2299 666 2374 patravit
684 2299 849 2375 sacrilegia:
880 2307 909 2356 et
928 2299 1036 2376 integra
1056 2299 1184 2356 omnium
1205 2298 1350 2356 confessio

260 2393 370 2452 differri
384 2395 496 2471 poterit,
506 2394 597 2454 donec
605 2398 786 2456 convaluerit.
829 2397 862 2455 Si
875 2397 1007 2454 sacerdos
1021 2398 1084 2473 ipse
1097 2396 1271 2473 periclitetur
1282 2395 1349 2463 vita,

260 2495 447 2571 poenitentem
468 2497 572 2570 poterit
590 2496 684 2554 statim
704 2497 860 2565 absolvere,
881 2514 939 2554 uno
960 2496 1084 2554 alterove
1096 2495 1201 2555 ,audito
1221 2501 1348 2571 peccato.

261 2594 348 2651 Peste
368 2593 503 2668 flagrante
523 2611 581 2652 non
602 2603 711 2652 tenetur
731 2594 921 2654 confessarius
935 2591 1044 2652 adstare
1058 2595 1107 2654 diu
1120 2594 1267 2671 poenitenti
1285 2611 1350 2652 oum

258 2691 412 2751 manifesto
420 2693 465 2750 sui
475 2691 648 2760 discrimina
659 2693 709 2751 sed
719 2702 884 2769 potest,uno
894 2693 1016 2752 alterove
1027 2702 1144 2770 peccato
1153 2692 1260 2762 audito,
1271 2711 1348 2761 eum,

262 2792 419 2851 absolvere.
439 2791 562 2859 Quando
571 2793 713 2868 poenitens
722 2794 875 2868 ingravem
884 2802 978 2851 notam
989 2785 1188 2853 incurreretob
1197 2791 1351 2851 diuturnio-

260 2889 1348 2968 reincensessionem,dumurgetcelebrandivelcommunicandinecessitas‚

260 2989 443 3066 pmbabiliter
455 2989 523 3048 dicit
534 2990 694 3068 Roncaglia
706 2990 885 3068 singulorum
896 2991 1010 3067 plenam
1024 2992 1231 3050 accusationem
1243 2990 1350 3049 differri

262 3107 365 3165 posse:
387 3088 438 3147 sed
452 3089 619 3166 plerumque
634 3091 771 3166 temporis
785 3091 920 3166 spatium,
935 3089 1011 3162 quod
1025 3090 1054 3147 in
1068 3088 1250 3148 consessione
1265 3089 1350 3164 plena

260 3188 462 3248 insumendum
476 3199 562 3258 esset,
583 3208 642 3248 non
664 3202 708 3248 est
721 3190 802 3258 ratio,
818 3207 869 3248 cur
888 3190 952 3263 quis
967 3189 1002 3248 ab
1015 3208 1049 3252 ea
1068 3196 1230 3246 excusetur.
1272 3187 1350 3246 luter

262 3307 362 3348 causas
375 3308 440 3363 quae
461 3299 600 3348 excusant
619 3310 636 3347 a
658 3290 744 3368 plena
764 3299 946 3367 peccatorum
967 3289 1157 3356 consessione,
1171 3306 1273 3366 magna
1293 3287 1350 3347 diei

259 3389 425 3448 solemnitas
445 3408 503 3448 non
523 3398 567 3447 est
585 3389 780 3458 recensenda;
814 3408 880 3448 nam
906 3388 1083 3448 consuetudo
1110 3387 1262 3455 Ecclesiae,
1284 3405 1347 3458 quas

260 3489 369 3565 optima
388 3498 433 3547 est
451 3487 648 3566 dirinae'legis
675 3491 824 3566 interpres,
846 3507 910 3547 eam
930 3507 988 3548 non
1008 3487 1146 3546 admittit:
1174 3495 1350 3562 quapropter

260 3587 445 3648 Innocentius
466 3588 520 3646 XI.
542 3588 687 3648 damnavit
699 3590 772 3648 hano
794 3589 1037 3667 propositionem:
1060 3588 1173 3646 “Licet
1191 3604 1350 3645 sacramen·

261 3687 353 3746 taliter
366 3689 512 3747 absolvere
526 3687 672 3748 dimidiato
686 3690 843 3758 confessos,
857 3689 966 3748 ratione
980 3690 1077 3768 magni
1090 3706 1245 3748 concursus
1260 3687 1350 3765 poeni·

258 3789 388 3856 mutium,
403 3788 495 3860 qualis
508 3807 537 3846 v.
552 3808 580 3866 g.
595 3797 689 3867 potest
702 3791 864 3866 contingere
878 3791 908 3848 in
922 3789 968 3848 die
982 3789 1103 3868 alicujus
1122 3807 1231 3866 magnae
1245 3787 1351 3845 festivi·

261 3886 335 3956 tatis,
350 3895 398 3946 aut
410 3883 642 3966 indulgentiam
683 3888 781 3948 Nemo
804 3909 820 3946 a
839 3888 1000 3949 confitendo
1014 3869 1168 3948 excusatur
1180 3888 1217 3945 ob
1230 3885 1351 3943 difficul-

261 3992 357 4054 tatem,
372 4003 436 4059 quae
456 3988 630 4047 confessioni
643 3989 699 4065 ipsi
712 3989 796 4058 inest,
811 3988 857 4047 vel
876 3989 913 4048 ob
933 3988 1127 4047 estimationis
1150 3984 1350 4043 detrimentum

261 4083 338 4161 apud
348 4085 574 4146 confessariumz
590 4085 715 4161 alioquin
728 4096 853 4147 cessaret
861 4071 933 4165 legis
947 4087 1000 4144 vis.
1022 4085 1082 4144 Sed
1096 4083 1185 4155 etqui
1198 4089 1351 4139 excusatur

260 4183 376 4259 aplena
388 4184 568 4253 confessione
581 4187 618 4246 ob
630 4204 731 4246 causas
744 4204 832 4264 supra
850 4176 1016 4254 recensitas,
1037 4182 1146 4243 sublato
1166 4181 1246 4240 obice
1267 4179 1351 4238 debet

259 4282 390 4342 confiteri
404 4285 522 4345 omissa.

634 4487 677 4553 (1)
696 4484 763 4536 LIX.
774 4485 836 4536 inter
846 4484 979 4536 damnatas
