3172 5172
259 549 315 610 140
604 541 661 602 DE
683 539 993 602 OONFESSIONE.

260 714 349 793 gretia
360 710 435 780 Dei;
456 721 517 770 mm
528 720 560 768 ut
572 729 638 770 cum
651 709 753 788 majori
773 707 931 766 reverentia
949 706 985 765 ad
1004 707 1218 768 Eucharistiam
1232 710 1346 769 acceda-

260 823 322 872 tur:
342 821 401 872 turn
415 811 501 870 etiam
514 819 546 868 nt
558 809 744 870 ecclesiarum
754 808 909 867 rectoribus
922 807 968 865 sui
988 806 1093 865 subditi
1106 809 1296 878 innotescant,
1310 829 1345 870 ne

258 911 344 989 lupus
370 913 442 970 intra
461 927 578 987 gregem
603 899 733 966 lateat.’'¹
782 908 841 973 Qut
866 906 1052 984 procliviores
1077 916 1144 966 sunt
1170 907 1205 966 ad
1230 919 1347 984 peccata

259 1012 387 1070 maxime
413 1009 542 1088 indigent
564 1008 754 1067 consessionis
780 1006 918 1074 remedio,
945 1005 980 1063 ad
1005 1005 1082 1078 quod
1108 1006 1349 1066 adhibendumne
1380 1059 1388 1072 ,

258 1110 420 1170 relabantur
439 1118 568 1167 tenentur
587 1109 649 1185 ipse
669 1108 767 1166 salutis
788 1104 978 1165 solicitudine.
1021 1105 1133 1173 Quibus
1154 1126 1190 1166 ex
1212 1107 1347 1166 dilatione

257 1210 356 1289 lapsus
370 1208 528 1286 periculum
548 1225 608 1266 non
627 1208 767 1274 imminet,
788 1225 846 1264 non
867 1213 996 1263 tenentur
1009 1206 1105 1264 statim
1119 1205 1263 1272 confiteri;
1284 1205 1347 1274 sed,

254 1310 351 1386 judice
376 1309 409 1366 S.
431 1306 556 1375 Thema,
577 1315 698 1384 possunt
717 1305 860 1383 paschatis
884 1313 995 1380 ternpus
1016 1316 1184 1382 expectare:
1206 1304 1348 1364 “diffe'rre

256 1408 467 1467 consessionem
476 1424 568 1479 nsque
582 1404 685 1464 adhoc
699 1415 811 1482 tempus
825 1423 876 1482 per
889 1423 920 1462 se
933 1402 1077 1478 loquendo
1090 1405 1199 1463 licitum
1213 1413 1273 1462 est:
1295 1403 1346 1462 sed

257 1523 309 1584 per
322 1506 453 1565 accidens
467 1513 562 1583 potest
574 1504 635 1563 fieri
649 1505 787 1573 illicitum,
802 1515 870 1581 puta
883 1505 908 1561 si
922 1503 1069 1562 immineat
1082 1505 1184 1577 aliquis
1198 1504 1341 1571 articulus,
1416 1504 1418 1508 '

258 1608 288 1664 in
301 1624 358 1681 qno
371 1605 515 1664 consessio
527 1600 734 1677 requiratur.'’²
774 1603 884 1662 Censet
904 1603 936 1662 S.
951 1603 1152 1662 Bonaventura
1170 1613 1345 1680 praeceptum

258 1705 412 1765 confitendi
424 1705 559 1781 obligare,
570 1712 732 1779 opportuna
751 1703 815 1760 data
828 1702 978 1762 occasione
987 1695 1010 1760 :³
1029 1703 1111 1781 cujus
1127 1711 1220 1762 tamen
1233 1713 1345 1762 senten·

259 1805 297 1862 tia
310 1803 386 1882 apud
399 1804 553 1881 plerosque
567 1820 625 1860 non
638 1811 681 1859 est
693 1811 815 1878 recepta.
1129 1803 1133 1816 ¹

515 2055 540 2128 §.
563 2053 619 2111 Ili.
661 2052 709 2110 Du
730 2070 866 2110 narrum
886 2070 1079 2114 uscussnum.

303 2229 352 2284 37.
374 2223 496 2282 Peccata
515 2223 612 2283 omnia
634 2223 664 2281 in
693 2222 875 2281 confessione
904 2220 1073 2280 declaranda
1098 2238 1135 2279 ex
1161 2223 1225 2300 ipra
1245 2221 1347 2299 judicii

263 2324 379 2382 notione
388 2323 454 2400 jure
467 2322 595 2391 insertur,
610 2341 675 2382 nam
689 2321 788 2380 eadem
802 2320 837 2380 de
851 2321 983 2380 omnibns
998 2321 1134 2388 serratio,
1149 2323 1298 2380 scilicetut
1310 2320 1345 2378 de

260 2423 297 2482 iis
306 2421 417 2500 judicet
429 2421 573 2490 sacerdos,
587 2430 679 2481 utrum
694 2421 751 2479 sint
763 2420 959 2488 condonanda,
974 2429 1003 2479 et
1013 2440 1069 2494 qua
1082 2419 1254 2479 conditione.
1285 2420 1347 2478 “In

260 2521 403 2581 medicina
427 2520 599 2598 corporali,''
623 2522 715 2594 inquit
731 2521 767 2605 s.
790 2520 932 2588 Thomas,
964 2529 1102 2596 “oportet
1123 2519 1201 2592 quod
1221 2519 1348 2578 medicus

259 2639 318 2680 non
332 2620 424 2678 solum
440 2638 528 2679 tinum
542 2621 791 2678 morbumcontra
810 2637 895 2691 quem
909 2618 1079 2677 medicinam
1093 2617 1159 2676 dare
1174 2617 1268 2686 debet,
1282 2637 1348 2696 cog·

259 2725 368 2784 noscat,
382 2716 530 2776 sedetiam
545 2716 743 2776 universaliter
756 2724 842 2774 totam
856 2717 1050 2776 habitudinem
1062 2717 1154 2794 ipsius
1166 2716 1289 2774 infirmi:
1312 2735 1348 2776 eo
1442 2705 1445 2709 ⁵

260 2813 336 2887 qnod
358 2831 432 2872 unus
451 2815 568 2872 morbus
588 2832 625 2872 ex
639 2812 819 2890 adjunctione
833 2815 948 2874 alterius
962 2825 1146 2893 aggravatum
1166 2823 1196 2873 et
1207 2812 1349 2874 medicina

259 2929 323 2985 qnae
336 2912 385 2970 uni
399 2912 498 2970 morbo
510 2921 693 2989 competeret,
709 2913 788 2972 alteri
801 2923 1003 2974 nocumentum
1018 2923 1171 2992 praestaret.
1198 2914 1239 2973 Et
1250 2914 1349 2973 simili·

257 3020 300 3068 ter
312 3018 356 3070 est
368 3011 397 3070 in
411 3012 551 3088 peccatis:
573 3012 641 3086 quia
663 3031 751 3072 unum
772 3024 938 3091 aggravatur
956 3033 994 3080 ex
1014 3013 1197 3092 adjunctione
1224 3013 1347 3080 alterius,

261 3119 290 3169 et
302 3109 372 3170 illud
395 3111 473 3184 quod
495 3115 545 3172 uni
567 3122 685 3190 peccato
707 3122 784 3172 esset
803 3115 976 3172 conveniens
996 3112 1146 3182 medicina,
1161 3114 1347 3172 alteriincen·

260 3211 349 3270 tivum
364 3220 517 3286 prestaret,
532 3231 597 3270 cnm
613 3212 782 3287 quandoque
803 3213 905 3287 aliquis
926 3213 1072 3270 contrariis
1086 3213 1210 3288 peccatis
1224 3211 1344 3270 infectus

259 3309 306 3376 sit,
320 3319 351 3366 ut
364 3309 522 3386 Gregorius
536 3312 565 3370 in
579 3311 825 3375 Pastoralidooet.
866 3313 907 3372 Et
926 3310 991 3371 ideo
1006 3310 1040 3368 de
1053 3312 1221 3370 necessitate
1236 3311 1346 3369 confes·

260 3407 350 3466 sionis
364 3416 417 3476 est,
438 3410 515 3482 quod
537 3410 624 3470 homo
645 3413 741 3470 omnia
763 3419 879 3488 peccata
901 3411 1067 3470 confiteatur
1087 3429 1150 3483 qnae
1163 3411 1193 3468 in
1207 3411 1347 3469 memoria

259 3505 360 3565 habet:
383 3507 460 3581 quod
485 3511 590 3568 sinon
615 3510 710 3579 saciat,
737 3529 795 3569 non
827 3520 871 3568 est
898 3511 1052 3580 confessio,
1085 3510 1137 3568 sed
1157 3509 1345 3568 confessionis

259 3598 455 3662 simulatio.”⁴
495 3607 573 3664 Hinc
587 3609 740 3667 concilium
750 3609 951 3668 Tridentinum
965 3609 1049 3668 dicit:
1073 3609 1213 3681 “Siquis
1233 3609 1345 3676 dixerit,

258 3704 289 3760 in
302 3711 477 3760 aeramento
485 3705 667 3769 Poenitentiae
688 3707 721 3765 ad
741 3707 939 3768 remissionem
959 3719 1137 3786 peccatorum
1154 3709 1348 3766 necessarium

258 3819 315 3861 non
336 3817 400 3858 esse
419 3802 486 3877 jure
506 3801 602 3862 divino
627 3805 755 3863 confiteri
775 3808 871 3864 omnia
890 3817 919 3866 et
940 3810 1053 3886 singula
1072 3815 1189 3884 peccata
1209 3806 1346 3874 mortalia,

259 3918 379 3976 quorum
395 3901 532 3959 memoria
551 3897 616 3962 cum
637 3904 732 3963 debita
750 3914 780 3962 et
799 3903 928 3983 diligenti
946 3905 1188 3984 premeditatione
1202 3905 1346 3973 habeatur,

263 4003 347 4060 etism
361 4001 481 4068 occulta,
496 4008 524 4059 et
537 3991 599 4074 qna'e
613 4012 679 4061 eunt
691 4013 788 4063 contra
808 4005 866 4064 dno
885 4006 985 4065 ultIma
997 4005 1137 4084 Deoalogi
1151 4014 1303 4082 praecepta,
1317 4016 1345 4064 et

261 4101 485 4161 circumstantias
512 4119 575 4177 que
601 4105 711 4179 peccati
730 4105 856 4181 speciem
881 4115 1011 4164 mutant.
1028 4147 1060 4166 ..
1081 4105 1232 4168 anathema
1256 4099 1355 4162 sit.”⁵,

292 4323 334 4388 (¹)
353 4323 414 4386 Sur·
425 4322 459 4372 iii·
470 4338 494 4388 p.
505 4339 546 4388 qu.
558 4323 590 4374 vi.
601 4330 644 4374 art.
655 4340 689 4375 tu
722 4323 798 4394 sep.
902 4327 944 4392 (a)
965 4325 1079 4386 eumne.
1091 4326 1107 4375 r.
1117 4331 1160 4375 art.
1171 4323 1205 4374 xi.

292 4407 334 4470 (3)
353 4405 383 4454 In
394 4407 426 4455 ir.
437 4407 492 4456 dist.
500 4409 559 4458 xvii.
567 4425 608 4474 qu.
619 4409 645 4459 ii.

291 4491 333 4555 (4)
353 4488 705 4578 Sortito-quamn.
724 4495 798 4562 sep.
901 4497 943 4564 (s)
962 4492 1350 4562 oaeneonvrrmpoemt:
