3108 5162
271 548 331 606 810
468 539 526 602 DE
546 537 864 602 lMPEDlMENTIS
886 539 1161 603 MATRIMONII.

270 729 335 770 esre
348 709 536 778 matrimonia,
561 707 695 782 quamdiu
716 707 851 766 Ecclesia
868 726 902 766 ea
922 707 1000 767 irrita
1019 727 1078 766 non
1091 708 1174 776 lecit;
1199 717 1228 765 et
1244 706 1378 784 proinde

267 811 334 889 jure
347 807 499 868 damnandi
518 809 577 872 siut
589 807 640 875 illi,
654 816 687 865 ut
699 825 749 866 eos
763 807 795 865 S.
810 807 947 884 synodus
967 807 1143 867 anathemate
1162 807 1300 876 damnat,
1328 811 1379 881 qui

270 929 394 976 cavera,
409 928 442 968 ac
456 918 515 966 rata
527 925 593 966 esse
606 917 719 984 negant,
741 906 929 965 nihilominus
950 907 982 964 S.
996 906 1053 965 Dei
1068 908 1202 966 Ecclesia
1214 926 1257 965 ex
1269 908 1380 984 justis·

273 1011 355 1070 simis
368 1009 462 1068 causis
482 1007 531 1068 illa
550 1025 666 1084 semper
688 1007 822 1064 detestata
835 1016 888 1074 eat,
909 1017 992 1078 atque
1006 1002 1200 1084 prohibuit.'’¹
1243 1006 1385 1066 Concilii

272 1109 416 1170 decretum
443 1127 495 1186 par
515 1117 600 1166 totam
625 1106 744 1174 ltaliam,
766 1117 794 1164 et
819 1105 1007 1182 Hispanicum
1030 1106 1177 1173 ditionem,
1201 1105 1379 1166 Galliarum

271 1199 408 1289 regnum²
419 1218 447 1266 et
461 1206 640 1272 Hiberniam,
662 1207 735 1264 sieut
748 1214 777 1264 at
789 1205 852 1262 aliis
866 1205 1009 1281 plerisque
1023 1205 1052 1262 in
1065 1206 1137 1264 locis
1151 1208 1380 1284 promulgatum

272 1321 331 1368 eat:
352 1306 402 1367 sed
416 1305 531 1364 nonnisi
552 1305 695 1363 recentius
709 1325 725 1363 a
738 1305 784 1364 die
797 1304 938 1363 sciliceta
952 1304 1122 1363 Decembris
1136 1324 1212 1364 anno
1229 1311 1331 1375 1827,
1348 1308 1378 1364 in

272 1406 389 1466 dioecasi
404 1404 586 1464 Dubliniensi
599 1405 719 1478 aliisque
732 1404 877 1464 nonnullis
892 1404 1038 1462 Hiberniae
1052 1405 1233 1464 dioeccsibus.

314 1508 382 1563 184.
404 1503 558 1564 Decretum
584 1503 639 1562 hoc
660 1503 833 1580 publicatum
852 1502 1012 1562 habendum
1039 1523 1103 1562 esse
1130 1505 1161 1562 in
1187 1504 1315 1564 diecesi
1342 1505 1375 1563 S.

272 1604 424 1673 Ludoviei,
451 1621 485 1662 eo
509 1603 584 1676 quod
605 1604 685 1680 regio
708 1603 756 1662 illa
777 1619 866 1680 penas
888 1603 1035 1679 Hispanos
1057 1603 1194 1661 Gallosve
1219 1605 1379 1676 quondam

272 1705 366 1774 luerit,
380 1702 532 1762 declaravit
551 1702 682 1781 ejusdem
701 1705 854 1780 episeopus
875 1701 987 1778 Joseph
1002 1703 1102 1762 Rosati
1116 1704 1145 1762 in
1159 1703 1285 1780 Synodo
1302 1705 1376 1763 dioe·

272 1822 384 1872 cesana,
410 1803 537 1880 allegans
565 1803 597 1859 S.
624 1802 823 1874 Inquisitionis
849 1801 1004 1870 decretum,
1031 1806 1050 1860 9
1078 1803 1253 1879 Septembris
1289 1809 1373 1862 1824

214 1965 229 1988 ⁸
272 1904 370 1963 latum.
412 1901 557 1976 Equidem
584 1901 727 1960 decretum
748 1901 827 1968 illud,
855 1900 933 1976 quod
958 1920 1016 1978 prae
1043 1903 1174 1960 manibus
1199 1904 1373 1978 impraesen-

272 2003 373 2064 tiarum
386 2003 536 2070 habemus,
551 2003 652 2061 merito
666 2001 735 2058 dicit
756 2000 947 2060 “Tridentini
967 2000 1071 2060 decreti
1085 2001 1314 2078 publicationem
1329 2005 1370 2062 ibi

272 2102 498 2180 praesumendam
522 2119 585 2159 eam
604 2119 679 2168 esse,
699 2101 747 2158 ubi
767 2108 878 2158 constet
896 2099 1040 2160 decretum
1067 2100 1138 2159 illud
1158 2099 1246 2159 fuisse
1268 2103 1372 2176 aliquo

271 2213 399 2278 tempore
420 2210 565 2273 tamquam
586 2199 729 2258 decretum
750 2200 864 2258 concilii
884 2199 1098 2267 observatum,”
1123 2199 1252 2273 illudque
1265 2203 1370 2260 obser·

272 2309 367 2359 vatium
382 2297 533 2372 aliquando
546 2297 636 2357 luisse
650 2299 685 2357 iis
698 2298 727 2358 in
748 2301 911 2378 regionibus
932 2318 996 2357 cum
1011 2298 1161 2358 Gallorum
1176 2300 1221 2358 vel
1236 2300 1369 2379 Hispan·

273 2419 354 2459 orum
369 2399 558 2458 subdebantur
572 2399 702 2477 imperio,
717 2400 850 2469 ostendit,
871 2409 930 2458 tum
942 2417 979 2457 ex
993 2399 1087 2457 studio
1102 2399 1299 2476 Hispanorum
1315 2421 1370 2480 pro

275 2501 407 2568 coneilio,
418 2509 446 2557 et
457 2499 608 2558 Gallorum
619 2499 652 2558 ad
665 2499 842 2559 matrimonia
855 2498 1032 2558 clandestina
1045 2498 1237 2576 impedienda,
1254 2510 1314 2559 tum
1331 2521 1369 2559 ex

273 2600 398 2658 defuncti
409 2599 537 2676 episcopi
550 2599 845 2658 Neo-Aurelianensis
859 2599 1033 2657 testimonio.
1062 2597 1094 2658 ld
1109 2617 1161 2675 pro
1176 2618 1205 2656 re
1218 2601 1369 2676 explorata

272 2697 434 2757 habendum
466 2707 527 2755 est:
565 2697 615 2755 sed
642 2698 677 2756 ad
704 2701 843 2774 paroecias
864 2699 932 2757 olim
953 2707 1059 2756 erectas
1085 2698 1280 2776 restringenda
1302 2701 1368 2760 haec

272 2807 415 2873 putamus,
437 2813 502 2853 uam
526 2795 613 2852 Sacra
633 2795 828 2873 congregatio
842 2797 876 2854 de
892 2796 1080 2874 Propaganda
1102 2797 1174 2855 Fide
1195 2799 1226 2856 in
1246 2801 1307 2875 pari
1323 2819 1366 2858 re·

270 2913 333 2954 rum
354 2893 516 2952 conditione
531 2911 606 2950 atino
629 2898 706 2952 1820
726 2894 851 2954 decrevit
872 2897 962 2955 “Pro
984 2898 1087 2955 incolis
1106 2896 1238 2955 dioecssis
1260 2899 1363 2964 Quebe

271 2993 375 3062 censis,
391 2993 439 3066 qui
455 2993 655 3062 inissionariis,
676 3003 705 3052 st
725 2995 816 3055 donec
837 3005 962 3063 utuntur,
985 3015 1043 3054 non
1057 3015 1122 3054 esse
1136 2996 1232 3056 locum
1246 2997 1362 3058 decreto

272 3095 384 3154 concilii
410 3093 572 3153 Tridentini
611 3093 756 3164 Tametsi,
790 3095 868 3154 nullo
895 3096 989 3154 habito
1015 3106 1144 3172 respectu
1172 3098 1289 3174 majoris
1314 3100 1363 3157 vel

271 3197 390 3256 minoris
404 3192 576 3254 distantiae.'’
619 3195 691 3253 Haec
714 3196 815 3254 iterum
836 3195 987 3254 inculcavit
1005 3193 1037 3252 S.
1061 3194 1157 3273 (long.
1180 3196 1213 3253 S.
1238 3197 1363 3270 Inquisi-

271 3297 357 3355 tionis
371 3296 484 3354 decreto
497 3299 532 3354 17
545 3294 574 3352 N
576 3295 718 3353 ovembris
735 3299 821 3363 1835,
833 3281 969 3371 episeopo
983 3294 1162 3360 Quebecensi
1172 3297 1363 3371 respondens,

272 3396 543 3470 animadvertitque:
566 3403 585 3431 ‘⁸
597 3413 679 3453 secus
694 3393 760 3453 verb
775 3394 809 3452 de
825 3395 859 3452 iis
874 3395 974 3453 ineolis
988 3393 1187 3454 affirmandum
1202 3405 1255 3463 est,
1269 3398 1319 3469 qui
1333 3399 1363 3456 in

270 3497 306 3553 iis
315 3496 385 3554 locis
395 3496 532 3563 habitant,
544 3495 591 3552 ubi
602 3503 669 3554 sunt
678 3495 827 3572 paroechiae
838 3494 1006 3561 constitutam
1020 3493 1059 3552 ibi
1070 3497 1147 3554 enim
1159 3495 1236 3553 nullo
1249 3495 1335 3554 modo
1349 3517 1366 3554 a

269 3593 333 3666 lege
347 3595 510 3651 Tridentini
530 3593 637 3652 decreti
659 3594 803 3654 immunes
823 3594 921 3651 haberi
941 3603 1071 3670 possunt,
1086 3603 1116 3652 ut
1129 3594 1249 3672 proinde
1263 3614 1362 3654 eorum

269 3689 447 3744 matrimonia
460 3691 538 3745 irrita
552 3691 629 3758 fiant,
650 3694 675 3749 si
699 3693 777 3750 nullo
793 3694 1262 3767 testepmsentecontnhantu13’
1306 3695 1364 3753 Par

255 3785 353 3862 plane
374 3791 416 3841 est
428 3784 499 3842 ratio
512 3786 638 3860 regionis
659 3806 722 3859 quse
743 3791 915 3847 dioecesibus
937 3793 967 3849 N
970 3792 1228 3860 eo-Aurelianensi,
1243 3795 1360 3854 Mobili-

156 3951 163 3964 ,
269 3887 343 3956 ensi,
358 3885 390 3944 S.
405 3884 555 3952 Ludovici,
578 3894 607 3942 et
627 3885 804 3945 Detroitensi
824 3889 995 3960 continetur,
1018 3891 1051 3949 ad
1079 3894 1156 3952 solas
1170 3895 1278 3970 quippe
1292 3895 1362 3952 anti·

269 4007 340 4062 quas
353 3987 490 4066 paroecias
504 3985 656 4063 disciplina
679 3985 728 4045 illa
747 3987 846 4046 referri
859 3987 986 4048 videtur:
1009 3991 1061 4049 sed
1074 4003 1103 4051 et
1116 3995 1146 4052 in
1159 4011 1247 4053 novas
1262 3992 1358 4052 induci

268 4089 406 4168 deinceps
421 4088 527 4165 potuit;
549 4106 729 4162 nequaquam
742 4107 811 4149 vero
825 4090 855 4148 in
868 4089 1063 4158 missionibus,
1075 4091 1173 4166 quales
1187 4111 1287 4152 omnes
1301 4092 1375 4164 fere,

269 4195 344 4255 sunt,
362 4189 448 4265 viget.
491 4187 541 4245 Sic
555 4188 639 4248 etiam
654 4191 791 4266 episcopo
805 4190 837 4247 S.
852 4189 992 4252 Ludoviei
1005 4208 1174 4267 responsum
1188 4201 1241 4251 eat.

306 4395 348 4458 (l)
368 4389 433 4440 Sera.
445 4393 511 4442 xxiv.
523 4409 575 4457 cap.
586 4393 603 4443 i.
614 4395 687 4446 Dece.
699 4393 729 4446 de
739 4393 786 4462 res.
798 4395 875 4446 Matr.

303 4479 345 4544 (2)
366 4476 428 4525 Vide
439 4479 590 4541 probationes
601 4479 666 4544 apud
678 4478 786 4529 (laniare
797 4479 827 4529 da
839 4479 972 4531 Matrimt
984 4480 1009 4531 ii.
1021 4497 1045 4547 p.
1059 4479 1092 4532 iii.
1106 4485 1129 4543 ς.
1140 4481 1166 4532 ii.
1177 4497 1198 4532 e.
1210 4482 1244 4532 111
1255 4497 1279 4547 p.
1291 4483 1350 4530 413.

1496 176 1510 544 X

1513 765 1523 1149 1
