3172 5172
652 1273 842 1348 PARS
893 1272 966 1346 ΙΙ.

612 1487 677 1552 DE
715 1486 1016 1550 SACRIFICIO.

691 1698 935 1715 ψ

722 1863 864 1924 CAPUT
886 1865 911 1926 1.

631 2081 670 2122 DE
691 2080 849 2122 ssomrlon
868 2081 999 2124 NATURA·

304 2249 355 2304 71.
376 2244 453 2303 Fuso
465 2241 649 2320 probavimus
670 2242 701 2300 iu
720 2242 815 2301 Missa
827 2243 925 2302 offerri
938 2242 1003 2301 Deo
1017 2258 1116 2302 verum
1129 2245 1311 2314 sacrificium,
1326 2259 1355 2305 et

267 2343 382 2418 quidem
395 2342 670 2421 praesmntissimum,
692 2360 779 2415 quum
793 2341 928 2401 Christus
942 2342 1086 2402 Dominus
1110 2346 1148 2403 sit
1169 2345 1312 2414 sacerdos,
1327 2357 1355 2403 et

266 2444 390 2511 victima,
412 2443 490 2502 Petri
510 2459 563 2500 suo
586 2439 723 2518 perpetui
747 2441 872 2501 offerens
898 2459 1002 2520 eorpus
1021 2451 1049 2500 et
1071 2446 1240 2522 sauguinem
1254 2463 1351 2513 snum,

266 2562 329 2617 quse
344 2546 373 2603 in
386 2561 469 2601 omos
483 2543 572 2602 semel
586 2549 653 2598 sunt
665 2551 784 2600 cruento
798 2560 877 2601 more
891 2542 1047 2600 immolata.
1077 2541 1194 2602 Latrim
1206 2562 1353 2602 summum

265 2651 309 2700 est
321 2659 421 2719 genus,
443 2639 518 2713 quod
532 2641 561 2698 in
575 2638 631 2698 hoo
653 2640 793 2700 saorifioio
813 2641 854 2708 fit,
878 2649 953 2698 tanta
964 2640 1078 2698 victima
1091 2642 1121 2698 in
1135 2641 1238 2699 divine
1251 2644 1353 2720 mejes-

266 2741 330 2798 tatis
344 2738 449 2820 cultum
463 2738 575 2798 oblata:
596 2735 799 2798 Eucharistia
819 2748 871 2807 est,
894 2757 944 2797 seu
968 2738 1119 2815 gratiarum
1139 2740 1212 2798 aetio
1225 2740 1262 2799 ob
1275 2739 1352 2800 done

264 2841 414 2898 innumera
434 2839 515 2897 uobis
538 2838 665 2916 indignis
684 2839 802 2900 collata:
825 2837 926 2898 hostia
945 2847 989 2897 est
1001 2837 1232 2916 propitiationis
1246 2840 1280 2898 ad
1295 2841 1353 2918 pla-

265 2938 385 2999 candum
400 2937 495 2998 Deum
510 2940 615 2998 nostris
629 2937 782 2996 sceleribus
795 2939 957 2998 insensum:
971 2937 1155 3017 impetrandi
1169 2941 1270 3000 virtute
1284 2959 1353 3017 prae·

265 3049 329 3109 stat,
343 3059 396 3099 neo
409 3039 487 3098 enim
501 3037 582 3097 Deus
596 3037 760 3113 quidnobis
774 3057 825 3115 per
835 3038 945 3098 Filium
959 3055 1041 3097 suum
1055 3041 1217 3115 petentibus
1231 3039 1352 3118 denega·

264 3140 314 3198 bit.
356 3138 571 3215 Propitiationis
593 3138 636 3195 vis
656 3137 686 3195 in
706 3156 826 3214 eorporo
848 3137 948 3197 tradito
967 3157 1020 3215 pro
1039 3139 1134 3209 nobis,
1165 3149 1194 3198 et
1214 3140 1351 3218 sanguine

265 3238 329 3296 fuso
342 3239 372 3296 in
385 3238 583 3297 remissionem
603 3244 783 3312 peccatorum
804 3239 858 3296 sita
878 3245 931 3296 est.
972 3239 1096 3297 Peccata
1108 3239 1193 3316 igitur
1206 3240 1351 3299 remittun-

266 3347 320 3406 tur,
337 3338 494 3414 gratiaque
508 3337 572 3410 quis
590 3353 621 3394 se
635 3353 734 3396 eorum
755 3338 890 3412 poeniteat
902 3356 1054 3398 concessa:
1076 3337 1127 3397 sed
1141 3339 1201 3397 fieri
1215 3349 1309 3416 potest
1321 3349 1351 3396 ut

262 3437 329 3497 huie
343 3439 463 3504 resistat,
478 3444 550 3494 etse
564 3431 804 3494 imotu'seorifioii
816 3435 935 3496 fraudet.
1159 3491 1161 3498 .

303 3541 353 3595 72.
376 3536 555 3594 Sacrificium
568 3556 585 3594 a
598 3535 631 3592 S.
646 3534 807 3612 Alphonso,
822 3545 888 3612 post
907 3535 989 3603 alios,
1010 3535 1144 3594 delinitur
1156 3535 1261 3593 oblatio
1280 3535 1352 3594 faeta

261 3633 329 3714 lieo
342 3652 393 3709 per
405 3635 631 3694 immutationem
645 3634 765 3712 alicujus
778 3635 830 3702 rei,
845 3635 1002 3712 insignum
1022 3633 1148 3709 supremi
1168 3632 1297 3701 dominii,
1313 3653 1350 3694 ex

262 3733 390 3811 legitima
402 3728 605 3794 iustitutioue.¹
645 3733 875 3792 immutationem
895 3733 923 3791 in
947 3733 1041 3791 Missa
1054 3731 1206 3806 mysticam
1219 3734 1350 3810 plerique

261 3835 377 3902 hebent,
392 3833 499 3907 quein
513 3834 724 3893 consecratione
738 3833 891 3910 contingit:
913 3831 994 3909 panis
1008 3830 1118 3888 seilicet
1137 3832 1237 3891 etvini
1251 3852 1350 3892 eonse-

264 3937 400 4002 eratione,
414 3951 518 4011 eorpus
532 3943 561 3992 et
573 3933 692 4010 sanguis
715 3929 824 3989 Christi
846 3932 918 3989 fiunt
939 3931 1100 4007 presentia,
1123 3933 1276 4010 conjuncta
1289 3936 1350 4007 qui·

263 4037 340 4103 dem,
355 4053 442 4109 quum
456 4035 566 4110 integer
579 4031 714 4090 Christus
734 4030 787 4088 sub
807 4030 938 4089 alterutra
952 4031 1047 4106 speeie
1062 4031 1108 4098 sit,
1130 4031 1190 4091 sed‘
1203 4032 1350 4092 concomi-

262 4135 372 4203 tantia,
399 4135 441 4193 uti
466 4135 621 4206 loquuntur
645 4129 781 4208 theologi,
805 4148 864 4189 nou
890 4129 919 4187 vi
944 4131 1113 4190 verborum:
1144 4130 1245 4189 horum
1271 4132 1348 4190 enim

261 4235 361 4304 virtute
374 4251 477 4310 eorpus
492 4229 686 4290 tantummodo
698 4230 752 4287 sub
764 4231 861 4306 speeie
874 4229 956 4308 panis
969 4230 1002 4288 tit
1014 4249 1150 4309 praesens,
1165 4229 1279 4306 sanguis
1294 4230 1348 4288 sub

259 4334 355 4409 speeie
368 4332 446 4390 vini:
462 4340 635 4408 quapropter
648 4330 676 4388 in
690 4329 752 4389 sola
764 4331 976 4389 consecratione
989 4340 1077 4390 totam
1096 4329 1230 4388 sacrificii
1245 4328 1345 4387 Missae

683 4515 725 4581 (l)
745 4511 774 4563 L.
786 4513 818 4564 vi.
829 4531 854 4565 n.
866 4517 923 4565 304.
