<?xml version="1.0" encoding="UTF-8"?>
<!DOCTYPE html PUBLIC "-//W3C//DTD XHTML 1.0 Transitional//EN"
    "http://www.w3.org/TR/xhtml1/DTD/xhtml1-transitional.dtd">
<html xmlns="http://www.w3.org/1999/xhtml" xml:lang="en" lang="en">
 <head>
  <title>
</title>
<meta http-equiv="Content-Type" content="text/html;charset=utf-8" />
  <meta name='ocr-system' content='tesseract 3.04.00' />
  <meta name='ocr-capabilities' content='ocr_page ocr_carea ocr_par ocr_line ocrx_word'/>
</head>
<body>
  <div class='ocr_page' id='page_1' title='image "./theologiaemoral02kenrgoog_0121.png"; bbox 0 0 3172 5172; ppageno 0'>
   <div class='ocr_carea' id='block_1_1' title="bbox 255 531 1058 597">
    <p class='ocr_par' dir='ltr' id='par_1_1' title="bbox 255 531 1058 597">
     <span class='ocr_line' id='line_1_1' title="bbox 255 531 1058 597; baseline -0.002 -1"><span class='ocrx_word' id='word_1_1' title='bbox 255 535 310 597; x_wconf 70' lang='grc'><strong>1111</strong></span> <span class='ocrx_word' id='word_1_2' title='bbox 535 532 593 595; x_wconf 84' lang='grc' dir='ltr'>ΒΕ</span> <span class='ocrx_word' id='word_1_3' title='bbox 615 531 902 595; x_wconf 70' lang='grc' dir='ltr'><strong>ΟΕΒΕΒΒΑΝΠΑ</strong></span> <span class='ocrx_word' id='word_1_4' title='bbox 922 533 1058 595; x_wconf 66' lang='lat' dir='ltr'>Missa</span> 
     </span>
    </p>
   </div>
   <div class='ocr_carea' id='block_1_2' title="bbox 160 701 1345 3340">
    <p class='ocr_par' dir='ltr' id='par_1_2' title="bbox 252 701 1345 870">
     <span class='ocr_line' id='line_1_2' title="bbox 253 701 1345 776; baseline 0.002 -14"><span class='ocrx_word' id='word_1_5' title='bbox 253 713 344 762; x_wconf 87' lang='lat' dir='ltr'>autem</span> <span class='ocrx_word' id='word_1_6' title='bbox 367 720 463 760; x_wconf 86' lang='lat' dir='ltr'>curam</span> <span class='ocrx_word' id='word_1_7' title='bbox 485 701 633 761; x_wconf 85' lang='lat' dir='ltr'>habuerint</span> <span class='ocrx_word' id='word_1_8' title='bbox 653 702 823 770; x_wconf 87' lang='lat' dir='ltr'>animarum,</span> <span class='ocrx_word' id='word_1_9' title='bbox 842 711 898 761; x_wconf 89' lang='lat' dir='ltr'>tam</span> <span class='ocrx_word' id='word_1_10' title='bbox 920 702 1083 776; x_wconf 86' lang='lat' dir='ltr'>frequenter</span> <span class='ocrx_word' id='word_1_11' title='bbox 1108 711 1141 760; x_wconf 92' lang='lat' dir='ltr'>ut</span> <span class='ocrx_word' id='word_1_12' title='bbox 1159 721 1213 762; x_wconf 92' lang='lat' dir='ltr'>suo</span> <span class='ocrx_word' id='word_1_13' title='bbox 1235 707 1345 764; x_wconf 88' lang='lat' dir='ltr'>muneri</span> 
     </span>
     <span class='ocr_line' id='line_1_3' title="bbox 252 796 762 870; baseline -0.004 -10"><span class='ocrx_word' id='word_1_14' title='bbox 252 802 437 870; x_wconf 80' lang='lat' dir='ltr'><strong>satisfaciant,</strong></span> <span class='ocrx_word' id='word_1_15' title='bbox 452 801 560 860; x_wconf 89' lang='lat' dir='ltr'>Missas</span> <span class='ocrx_word' id='word_1_16' title='bbox 574 796 762 860; x_wconf 89' lang='lat' dir='ltr'>celebrent.”¹</span> 
     </span>
    </p>

    <p class='ocr_par' dir='ltr' id='par_1_3' title="bbox 160 899 1344 2266">
     <span class='ocr_line' id='line_1_4' title="bbox 291 899 1343 970; baseline 0.001 -11"><span class='ocrx_word' id='word_1_17' title='bbox 291 903 340 959; x_wconf 84' lang='lat' dir='ltr'>sl.</span> <span class='ocrx_word' id='word_1_18' title='bbox 362 901 420 970; x_wconf 83' lang='lat' dir='ltr'>Qui</span> <span class='ocrx_word' id='word_1_19' title='bbox 433 919 529 960; x_wconf 88' lang='lat' dir='ltr'>curam</span> <span class='ocrx_word' id='word_1_20' title='bbox 543 901 649 960; x_wconf 90' lang='lat' dir='ltr'>habent</span> <span class='ocrx_word' id='word_1_21' title='bbox 659 901 814 960; x_wconf 88' lang='lat' dir='ltr'>animarum</span> <span class='ocrx_word' id='word_1_22' title='bbox 829 900 970 958; x_wconf 88' lang='lat' dir='ltr'>celebrare</span> <span class='ocrx_word' id='word_1_23' title='bbox 985 908 1116 958; x_wconf 89' lang='lat' dir='ltr'>tenentur</span> <span class='ocrx_word' id='word_1_24' title='bbox 1128 899 1230 959; x_wconf 91' lang='lat' dir='ltr'>diebus</span> <span class='ocrx_word' id='word_1_25' title='bbox 1244 902 1343 960; x_wconf 87' lang='lat' dir='ltr'>saltem</span> 
     </span>
     <span class='ocr_line' id='line_1_5' title="bbox 252 996 1343 1077; baseline 0.001 -18"><span class='ocrx_word' id='word_1_26' title='bbox 252 999 424 1070; x_wconf 84' lang='lat' dir='ltr'>Dominicis,</span> <span class='ocrx_word' id='word_1_27' title='bbox 433 1008 462 1058; x_wconf 93' lang='lat' dir='ltr'>et</span> <span class='ocrx_word' id='word_1_28' title='bbox 474 1000 553 1058; x_wconf 86' lang='lat' dir='ltr'>lestis</span> <span class='ocrx_word' id='word_1_29' title='bbox 562 1000 597 1058; x_wconf 95' lang='lat' dir='ltr'>de</span> <span class='ocrx_word' id='word_1_30' title='bbox 611 1009 764 1077; x_wconf 80' lang='lat' dir='ltr'>praecepto,</span> <span class='ocrx_word' id='word_1_31' title='bbox 779 1018 868 1072; x_wconf 89' lang='lat' dir='ltr'>quum</span> <span class='ocrx_word' id='word_1_32' title='bbox 878 999 999 1057; x_wconf 84' lang='lat' dir='ltr'>debeant</span> <span class='ocrx_word' id='word_1_33' title='bbox 1013 996 1114 1056; x_wconf 90' lang='lat' dir='ltr'>iisdem</span> <span class='ocrx_word' id='word_1_34' title='bbox 1125 998 1226 1058; x_wconf 89' lang='lat' dir='ltr'>diebus</span> <span class='ocrx_word' id='word_1_35' title='bbox 1240 1001 1343 1060; x_wconf 86' lang='grc'><strong>3113113</strong></span> 
     </span>
     <span class='ocr_line' id='line_1_6' title="bbox 251 1098 1344 1177; baseline -0.001 -18"><span class='ocrx_word' id='word_1_36' title='bbox 251 1101 376 1161; x_wconf 80' lang='lat' dir='ltr'>Missam</span> <span class='ocrx_word' id='word_1_37' title='bbox 403 1118 455 1176; x_wconf 92' lang='lat' dir='ltr'>pro</span> <span class='ocrx_word' id='word_1_38' title='bbox 480 1101 588 1177; x_wconf 91' lang='lat' dir='ltr'>populo</span> <span class='ocrx_word' id='word_1_39' title='bbox 614 1100 668 1157; x_wconf 89' lang='lat' dir='ltr'>sibi</span> <span class='ocrx_word' id='word_1_40' title='bbox 694 1099 872 1156; x_wconf 86' lang='lat' dir='ltr'>commisso:</span> <span class='ocrx_word' id='word_1_41' title='bbox 906 1117 965 1156; x_wconf 91' lang='lat' dir='ltr'>non</span> <span class='ocrx_word' id='word_1_42' title='bbox 992 1099 1069 1155; x_wconf 90' lang='lat' dir='ltr'>enim</span> <span class='ocrx_word' id='word_1_43' title='bbox 1097 1098 1268 1174; x_wconf 80' lang='lat' dir='ltr'>permittitur</span> <span class='ocrx_word' id='word_1_44' title='bbox 1294 1119 1344 1177; x_wconf 89' lang='lat' dir='ltr'>per</span> 
     </span>
     <span class='ocr_line' id='line_1_7' title="bbox 251 1197 1342 1275; baseline -0.001 -17"><span class='ocrx_word' id='word_1_45' title='bbox 251 1201 409 1258; x_wconf 90' lang='lat' dir='ltr'>sacellanos</span> <span class='ocrx_word' id='word_1_46' title='bbox 437 1198 560 1256; x_wconf 82' lang='lat' dir='ltr'>Missam</span> <span class='ocrx_word' id='word_1_47' title='bbox 579 1199 722 1275; x_wconf 88' lang='lat' dir='ltr'>applicare</span> <span class='ocrx_word' id='word_1_48' title='bbox 743 1197 800 1255; x_wconf 88' lang='lat' dir='ltr'>nisi</span> <span class='ocrx_word' id='word_1_49' title='bbox 821 1197 933 1254; x_wconf 85' lang='lat' dir='ltr'>casibus</span> <span class='ocrx_word' id='word_1_50' title='bbox 953 1215 1027 1254; x_wconf 76' lang='lat' dir='ltr'>vers</span> <span class='ocrx_word' id='word_1_51' title='bbox 1049 1197 1235 1265; x_wconf 79' lang='lat' dir='ltr'>necessitatis,</span> <span class='ocrx_word' id='word_1_52' title='bbox 1257 1207 1342 1257; x_wconf 85' lang='lat' dir='ltr'>etex</span> 
     </span>
     <span class='ocr_line' id='line_1_8' title="bbox 251 1294 1342 1373; baseline -0.001 -17"><span class='ocrx_word' id='word_1_53' title='bbox 251 1301 493 1365; x_wconf 90' lang='lat' dir='ltr'>canonicacausa,</span> <span class='ocrx_word' id='word_1_54' title='bbox 504 1299 545 1355; x_wconf 91' lang='lat' dir='ltr'>uti</span> <span class='ocrx_word' id='word_1_55' title='bbox 559 1298 648 1370; x_wconf 92' lang='lat' dir='ltr'>liquet</span> <span class='ocrx_word' id='word_1_56' title='bbox 657 1316 693 1354; x_wconf 86' lang='lat' dir='ltr'>ex</span> <span class='ocrx_word' id='word_1_57' title='bbox 707 1297 895 1373; x_wconf 83' lang='lat' dir='ltr'>responsione</span> <span class='ocrx_word' id='word_1_58' title='bbox 910 1296 942 1353; x_wconf 88' lang='lat' dir='ltr'>S.</span> <span class='ocrx_word' id='word_1_59' title='bbox 952 1294 1048 1372; x_wconf 84' lang='lat' dir='ltr'>Oong.</span> <span class='ocrx_word' id='word_1_60' title='bbox 1060 1296 1250 1370; x_wconf 89' lang='lat' dir='ltr'>Interpretum</span> <span class='ocrx_word' id='word_1_61' title='bbox 1264 1296 1342 1355; x_wconf 87' lang='lat' dir='ltr'>Con·</span> 
     </span>
     <span class='ocr_line' id='line_1_9' title="bbox 160 1393 1341 1479; baseline -0.002 -25"><span class='ocrx_word' id='word_1_62' title='bbox 160 1403 164 1411; x_wconf 86' lang='lat'>&#39;</span> <span class='ocrx_word' id='word_1_63' title='bbox 250 1397 309 1456; x_wconf 91' lang='lat' dir='ltr'>cilii</span> <span class='ocrx_word' id='word_1_64' title='bbox 320 1396 483 1455; x_wconf 84' lang='lat' dir='ltr'>Tridentini</span> <span class='ocrx_word' id='word_1_65' title='bbox 497 1401 543 1454; x_wconf 92' lang='lat'>11.</span> <span class='ocrx_word' id='word_1_66' title='bbox 556 1397 654 1455; x_wconf 89' lang='lat' dir='ltr'>Martii</span> <span class='ocrx_word' id='word_1_67' title='bbox 671 1399 759 1454; x_wconf 83' lang='grc'><strong>1843.</strong></span> <span class='ocrx_word' id='word_1_68' title='bbox 781 1395 814 1452; x_wconf 83' lang='lat' dir='ltr'>Si</span> <span class='ocrx_word' id='word_1_69' title='bbox 823 1397 945 1479; x_wconf 81' lang='lat' dir='ltr'>Missam</span> <span class='ocrx_word' id='word_1_70' title='bbox 956 1393 1191 1476; x_wconf 72' lang='lat' dir='ltr'>resuscitatione,</span> <span class='ocrx_word' id='word_1_71' title='bbox 1202 1397 1243 1453; x_wconf 92' lang='lat' dir='ltr'>uti</span> <span class='ocrx_word' id='word_1_72' title='bbox 1254 1396 1341 1466; x_wconf 88' lang='lat' dir='ltr'>aiunt,</span> 
     </span>
     <span class='ocr_line' id='line_1_10' title="bbox 249 1494 1338 1572; baseline -0.001 -18"><span class='ocrx_word' id='word_1_73' title='bbox 249 1495 399 1555; x_wconf 87' lang='lat' dir='ltr'>dicendam</span> <span class='ocrx_word' id='word_1_74' title='bbox 413 1497 524 1554; x_wconf 89' lang='lat' dir='ltr'>omittat</span> <span class='ocrx_word' id='word_1_75' title='bbox 537 1495 687 1572; x_wconf 82' lang='lat' dir='ltr'>parochus,</span> <span class='ocrx_word' id='word_1_76' title='bbox 702 1497 824 1572; x_wconf 89' lang='lat' dir='ltr'>graviter</span> <span class='ocrx_word' id='word_1_77' title='bbox 836 1494 974 1570; x_wconf 85' lang='lat' dir='ltr'>peccabit,</span> <span class='ocrx_word' id='word_1_78' title='bbox 989 1494 1045 1552; x_wconf 89' lang='lat' dir='ltr'>nisi</span> <span class='ocrx_word' id='word_1_79' title='bbox 1059 1501 1138 1551; x_wconf 88' lang='lat' dir='ltr'>curet</span> <span class='ocrx_word' id='word_1_80' title='bbox 1158 1512 1221 1552; x_wconf 89' lang='lat' dir='ltr'>eam</span> <span class='ocrx_word' id='word_1_81' title='bbox 1235 1495 1270 1552; x_wconf 93' lang='lat' dir='ltr'>ab</span> <span class='ocrx_word' id='word_1_82' title='bbox 1283 1495 1338 1554; x_wconf 92' lang='lat' dir='ltr'>alio</span> 
     </span>
     <span class='ocr_line' id='line_1_11' title="bbox 250 1592 1343 1670; baseline -0.001 -17"><span class='ocrx_word' id='word_1_83' title='bbox 250 1594 458 1653; x_wconf 87' lang='lat' dir='ltr'>celebrandam.</span> <span class='ocrx_word' id='word_1_84' title='bbox 501 1594 587 1661; x_wconf 88' lang='lat' dir='ltr'>Quod</span> <span class='ocrx_word' id='word_1_85' title='bbox 601 1595 625 1652; x_wconf 90' lang='lat' dir='ltr'>si</span> <span class='ocrx_word' id='word_1_86' title='bbox 635 1596 683 1653; x_wconf 84' lang='lat' dir='ltr'>vix</span> <span class='ocrx_word' id='word_1_87' title='bbox 697 1613 822 1670; x_wconf 89' lang='lat' dir='ltr'>unquam</span> <span class='ocrx_word' id='word_1_88' title='bbox 834 1594 907 1651; x_wconf 89' lang='lat' dir='ltr'>intra</span> <span class='ocrx_word' id='word_1_89' title='bbox 919 1592 1128 1652; x_wconf 89' lang='lat' dir='ltr'>hebdomadam</span> <span class='ocrx_word' id='word_1_90' title='bbox 1142 1592 1276 1662; x_wconf 87' lang='lat' dir='ltr'>celebret,</span> <span class='ocrx_word' id='word_1_91' title='bbox 1291 1612 1343 1652; x_wconf 88' lang='lat' dir='ltr'>suo</span> 
     </span>
     <span class='ocr_line' id='line_1_12' title="bbox 249 1690 1342 1770; baseline -0.002 -16"><span class='ocrx_word' id='word_1_92' title='bbox 249 1693 345 1754; x_wconf 87' lang='lat' dir='ltr'>officio</span> <span class='ocrx_word' id='word_1_93' title='bbox 359 1693 458 1761; x_wconf 89' lang='lat' dir='ltr'>deerit,</span> <span class='ocrx_word' id='word_1_94' title='bbox 475 1711 563 1766; x_wconf 89' lang='lat' dir='ltr'>quum</span> <span class='ocrx_word' id='word_1_95' title='bbox 579 1695 628 1770; x_wconf 91' lang='lat' dir='ltr'>pio</span> <span class='ocrx_word' id='word_1_96' title='bbox 641 1693 769 1754; x_wconf 90' lang='lat' dir='ltr'>fidelium</span> <span class='ocrx_word' id='word_1_97' title='bbox 784 1692 926 1751; x_wconf 88' lang='lat' dir='ltr'>desiderio</span> <span class='ocrx_word' id='word_1_98' title='bbox 936 1691 1011 1750; x_wconf 90' lang='lat' dir='ltr'>haud</span> <span class='ocrx_word' id='word_1_99' title='bbox 1026 1691 1198 1760; x_wconf 62' lang='lat' dir='ltr'>satisfaciam</span> <span class='ocrx_word' id='word_1_100' title='bbox 1220 1690 1342 1752; x_wconf 87' lang='lat' dir='ltr'>sednon</span> 
     </span>
     <span class='ocr_line' id='line_1_13' title="bbox 250 1779 1343 1869; baseline -0.002 -17"><span class='ocrx_word' id='word_1_101' title='bbox 250 1794 341 1852; x_wconf 89' lang='lat' dir='ltr'>audeo</span> <span class='ocrx_word' id='word_1_102' title='bbox 355 1794 490 1852; x_wconf 91' lang='lat' dir='ltr'>damnare</span> <span class='ocrx_word' id='word_1_103' title='bbox 504 1779 569 1851; x_wconf 86' lang='lat' dir='ltr'>eum</span> <span class='ocrx_word' id='word_1_104' title='bbox 579 1794 627 1866; x_wconf 91' lang='lat' dir='ltr'>qui</span> <span class='ocrx_word' id='word_1_105' title='bbox 643 1794 711 1851; x_wconf 91' lang='lat' dir='ltr'>alias</span> <span class='ocrx_word' id='word_1_106' title='bbox 725 1803 767 1850; x_wconf 91' lang='lat' dir='ltr'>est</span> <span class='ocrx_word' id='word_1_107' title='bbox 778 1792 841 1851; x_wconf 90' lang='lat' dir='ltr'>labe</span> <span class='ocrx_word' id='word_1_108' title='bbox 852 1793 1000 1861; x_wconf 89' lang='lat' dir='ltr'>immunis,</span> <span class='ocrx_word' id='word_1_109' title='bbox 1010 1801 1038 1849; x_wconf 91' lang='lat' dir='ltr'>et</span> <span class='ocrx_word' id='word_1_110' title='bbox 1050 1799 1224 1869; x_wconf 89' lang='lat' dir='ltr'>opportunas</span> <span class='ocrx_word' id='word_1_111' title='bbox 1238 1793 1343 1868; x_wconf 92' lang='lat' dir='ltr'>praebet</span> 
     </span>
     <span class='ocr_line' id='line_1_14' title="bbox 250 1891 1341 1968; baseline -0.001 -17"><span class='ocrx_word' id='word_1_112' title='bbox 250 1894 416 1952; x_wconf 87' lang='lat' dir='ltr'>occasiones</span> <span class='ocrx_word' id='word_1_113' title='bbox 430 1891 561 1951; x_wconf 86' lang='lat' dir='ltr'>fidelibus</span> <span class='ocrx_word' id='word_1_114' title='bbox 575 1903 752 1951; x_wconf 87' lang='lat' dir='ltr'>sacramenta</span> <span class='ocrx_word' id='word_1_115' title='bbox 767 1891 960 1968; x_wconf 88' lang='lat' dir='ltr'>suscipiendi:</span> <span class='ocrx_word' id='word_1_116' title='bbox 983 1911 1039 1964; x_wconf 91' lang='lat' dir='ltr'>qua</span> <span class='ocrx_word' id='word_1_117' title='bbox 1053 1891 1122 1948; x_wconf 89' lang='lat' dir='ltr'>inre</span> <span class='ocrx_word' id='word_1_118' title='bbox 1136 1900 1235 1967; x_wconf 89' lang='lat' dir='ltr'>peccat</span> <span class='ocrx_word' id='word_1_119' title='bbox 1246 1901 1341 1950; x_wconf 91' lang='lat' dir='ltr'>tamen</span> 
     </span>
     <span class='ocr_line' id='line_1_15' title="bbox 249 1989 1341 2070; baseline -0.001 -19"><span class='ocrx_word' id='word_1_120' title='bbox 249 1993 371 2069; x_wconf 85' lang='lat' dir='ltr'>graviter</span> <span class='ocrx_word' id='word_1_121' title='bbox 381 1992 426 2051; x_wconf 91' lang='lat' dir='ltr'>cui</span> <span class='ocrx_word' id='word_1_122' title='bbox 440 1991 539 2050; x_wconf 90' lang='lat' dir='ltr'>fideles</span> <span class='ocrx_word' id='word_1_123' title='bbox 553 1992 701 2050; x_wconf 90' lang='lat' dir='ltr'>commissi</span> <span class='ocrx_word' id='word_1_124' title='bbox 715 1989 1208 2070; x_wconf 58' lang='grc'><strong>311111113113113131131311313131,</strong></span> <span class='ocrx_word' id='word_1_125' title='bbox 1220 2007 1341 2061; x_wconf 90' lang='lat' dir='ltr'>quorum</span> 
     </span>
     <span class='ocr_line' id='line_1_16' title="bbox 248 2088 1342 2166; baseline 0 -18"><span class='ocrx_word' id='word_1_126' title='bbox 248 2090 363 2166; x_wconf 89' lang='lat' dir='ltr'>plurimi</span> <span class='ocrx_word' id='word_1_127' title='bbox 384 2101 529 2163; x_wconf 93' lang='lat' dir='ltr'>nequeunt</span> <span class='ocrx_word' id='word_1_128' title='bbox 549 2091 648 2148; x_wconf 90' lang='lat' dir='ltr'>diebus</span> <span class='ocrx_word' id='word_1_129' title='bbox 669 2089 830 2150; x_wconf 87' lang='lat' dir='ltr'>Dominicis</span> <span class='ocrx_word' id='word_1_130' title='bbox 847 2101 874 2148; x_wconf 97' lang='grc'>31</span> <span class='ocrx_word' id='word_1_131' title='bbox 894 2091 974 2150; x_wconf 84' lang='grc'><strong>133113</strong></span> <span class='ocrx_word' id='word_1_132' title='bbox 997 2089 1149 2148; x_wconf 84' lang='lat' dir='ltr'>accedere:</span> <span class='ocrx_word' id='word_1_133' title='bbox 1171 2108 1236 2146; x_wconf 89' lang='lat' dir='ltr'>nam</span> <span class='ocrx_word' id='word_1_134' title='bbox 1257 2088 1342 2148; x_wconf 90' lang='lat' dir='ltr'>debet</span> 
     </span>
     <span class='ocr_line' id='line_1_17' title="bbox 249 2187 1248 2266; baseline -0.001 -20"><span class='ocrx_word' id='word_1_135' title='bbox 249 2189 399 2263; x_wconf 90' lang='lat' dir='ltr'>aliquoties</span> <span class='ocrx_word' id='word_1_136' title='bbox 414 2190 514 2248; x_wconf 79' lang='lat' dir='ltr'>saltem</span> <span class='ocrx_word' id='word_1_137' title='bbox 530 2208 700 2265; x_wconf 89' lang='lat' dir='ltr'>perannum</span> <span class='ocrx_word' id='word_1_138' title='bbox 715 2191 757 2250; x_wconf 90' lang='lat' dir='ltr'>eis</span> <span class='ocrx_word' id='word_1_139' title='bbox 770 2191 861 2249; x_wconf 90' lang='lat' dir='ltr'>sacere</span> <span class='ocrx_word' id='word_1_140' title='bbox 876 2191 989 2266; x_wconf 88' lang='lat' dir='ltr'>copiam</span> <span class='ocrx_word' id='word_1_141' title='bbox 1003 2189 1074 2247; x_wconf 90' lang='lat' dir='ltr'>sacri</span> <span class='ocrx_word' id='word_1_142' title='bbox 1089 2187 1248 2246; x_wconf 87' lang='lat' dir='ltr'>ministerii.</span> 
     </span>
    </p>

    <p class='ocr_par' dir='ltr' id='par_1_4' title="bbox 162 2285 1342 3340">
     <span class='ocr_line' id='line_1_18' title="bbox 288 2285 1340 2362; baseline -0.003 -15"><span class='ocrx_word' id='word_1_143' title='bbox 288 2293 337 2347; x_wconf 79' lang='lat'>82.</span> <span class='ocrx_word' id='word_1_144' title='bbox 360 2286 527 2348; x_wconf 83' lang='lat' dir='ltr'>Sacerdotes</span> <span class='ocrx_word' id='word_1_145' title='bbox 548 2291 598 2362; x_wconf 91' lang='lat' dir='ltr'>qui</span> <span class='ocrx_word' id='word_1_146' title='bbox 619 2309 716 2348; x_wconf 89' lang='lat' dir='ltr'>curam</span> <span class='ocrx_word' id='word_1_147' title='bbox 737 2291 895 2349; x_wconf 90' lang='lat' dir='ltr'>animarum</span> <span class='ocrx_word' id='word_1_148' title='bbox 917 2308 976 2349; x_wconf 93' lang='lat' dir='ltr'>non</span> <span class='ocrx_word' id='word_1_149' title='bbox 998 2289 1111 2356; x_wconf 90' lang='lat' dir='ltr'>habent,</span> <span class='ocrx_word' id='word_1_150' title='bbox 1125 2307 1184 2346; x_wconf 90' lang='lat' dir='ltr'>non</span> <span class='ocrx_word' id='word_1_151' title='bbox 1210 2285 1340 2345; x_wconf 89' lang='lat' dir='ltr'>videntur</span> 
     </span>
     <span class='ocr_line' id='line_1_19' title="bbox 248 2381 1342 2466; baseline 0 -20"><span class='ocrx_word' id='word_1_152' title='bbox 248 2389 339 2448; x_wconf 87' lang='lat' dir='ltr'>teneri</span> <span class='ocrx_word' id='word_1_153' title='bbox 353 2388 388 2447; x_wconf 91' lang='lat' dir='ltr'>ad</span> <span class='ocrx_word' id='word_1_154' title='bbox 401 2388 602 2448; x_wconf 89' lang='lat' dir='ltr'>celebrandum</span> <span class='ocrx_word' id='word_1_155' title='bbox 619 2381 744 2466; x_wconf 67' lang='lat' dir='ltr'>⁴singulis</span> <span class='ocrx_word' id='word_1_156' title='bbox 759 2391 859 2449; x_wconf 89' lang='lat' dir='ltr'>diebus</span> <span class='ocrx_word' id='word_1_157' title='bbox 881 2388 1044 2448; x_wconf 90' lang='lat' dir='ltr'>Dominicis</span> <span class='ocrx_word' id='word_1_158' title='bbox 1059 2396 1086 2445; x_wconf 90' lang='lat' dir='ltr'>et</span> <span class='ocrx_word' id='word_1_159' title='bbox 1108 2387 1188 2445; x_wconf 88' lang='lat' dir='ltr'>festis</span> <span class='ocrx_word' id='word_1_160' title='bbox 1209 2386 1342 2446; x_wconf 89' lang='lat' dir='ltr'>solemni·</span> 
     </span>
     <span class='ocr_line' id='line_1_20' title="bbox 246 2485 1340 2566; baseline -0.001 -21"><span class='ocrx_word' id='word_1_161' title='bbox 246 2489 312 2556; x_wconf 90' lang='lat' dir='ltr'>bus,</span> <span class='ocrx_word' id='word_1_162' title='bbox 326 2488 383 2548; x_wconf 90' lang='lat' dir='ltr'>nisi</span> <span class='ocrx_word' id='word_1_163' title='bbox 397 2488 561 2566; x_wconf 87' lang='lat' dir='ltr'>specialiter</span> <span class='ocrx_word' id='word_1_164' title='bbox 576 2489 696 2566; x_wconf 88' lang='lat' dir='ltr'>jusserit</span> <span class='ocrx_word' id='word_1_165' title='bbox 709 2491 863 2566; x_wconf 90' lang='lat' dir='ltr'>episcopus</span> <span class='ocrx_word' id='word_1_166' title='bbox 885 2491 921 2548; x_wconf 93' lang='lat' dir='ltr'>ob</span> <span class='ocrx_word' id='word_1_167' title='bbox 936 2505 1036 2565; x_wconf 87' lang='lat' dir='ltr'>graves</span> <span class='ocrx_word' id='word_1_168' title='bbox 1057 2485 1211 2544; x_wconf 89' lang='lat' dir='ltr'>admodum</span> <span class='ocrx_word' id='word_1_169' title='bbox 1230 2505 1340 2555; x_wconf 88' lang='lat' dir='ltr'>causas,</span> 
     </span>
     <span class='ocr_line' id='line_1_21' title="bbox 249 2583 1342 2647; baseline -0.001 -4"><span class='ocrx_word' id='word_1_170' title='bbox 249 2583 375 2646; x_wconf 76' lang='lat' dir='ltr'>Consilii</span> <span class='ocrx_word' id='word_1_171' title='bbox 389 2586 551 2646; x_wconf 87' lang='lat' dir='ltr'>Tridentini</span> <span class='ocrx_word' id='word_1_172' title='bbox 569 2587 684 2646; x_wconf 89' lang='lat' dir='ltr'>monitis</span> <span class='ocrx_word' id='word_1_173' title='bbox 702 2589 855 2647; x_wconf 74' lang='lat' dir='ltr'>inherens.</span> <span class='ocrx_word' id='word_1_174' title='bbox 898 2587 1041 2646; x_wconf 91' lang='lat' dir='ltr'>Omnibus</span> <span class='ocrx_word' id='word_1_175' title='bbox 1062 2584 1258 2644; x_wconf 88' lang='lat' dir='ltr'>sacerdotibus</span> <span class='ocrx_word' id='word_1_176' title='bbox 1278 2603 1342 2642; x_wconf 90' lang='lat' dir='ltr'>sua·</span> 
     </span>
     <span class='ocr_line' id='line_1_22' title="bbox 247 2671 1341 2762; baseline -0.003 -19"><span class='ocrx_word' id='word_1_177' title='bbox 247 2685 371 2744; x_wconf 82' lang='lat' dir='ltr'>dandum</span> <span class='ocrx_word' id='word_1_178' title='bbox 386 2694 475 2744; x_wconf 88' lang='lat' dir='ltr'>estut</span> <span class='ocrx_word' id='word_1_179' title='bbox 494 2671 620 2759; x_wconf 86' lang='lat' dir='ltr'>quotidie</span> <span class='ocrx_word' id='word_1_180' title='bbox 635 2687 786 2756; x_wconf 86' lang='lat' dir='ltr'>celebrent,</span> <span class='ocrx_word' id='word_1_181' title='bbox 802 2689 848 2762; x_wconf 90' lang='lat' dir='ltr'>pie</span> <span class='ocrx_word' id='word_1_182' title='bbox 863 2695 958 2744; x_wconf 90' lang='lat' dir='ltr'>tamen</span> <span class='ocrx_word' id='word_1_183' title='bbox 971 2693 999 2742; x_wconf 88' lang='grc'>31</span> <span class='ocrx_word' id='word_1_184' title='bbox 1017 2692 1190 2751; x_wconf 88' lang='lat' dir='ltr'>reverenter,</span> <span class='ocrx_word' id='word_1_185' title='bbox 1206 2684 1302 2742; x_wconf 91' lang='lat' dir='ltr'>animo</span> <span class='ocrx_word' id='word_1_186' title='bbox 1325 2703 1341 2740; x_wconf 90' lang='lat' dir='ltr'>a</span> 
     </span>
     <span class='ocr_line' id='line_1_23' title="bbox 247 2769 1339 2862; baseline 0 -22"><span class='ocrx_word' id='word_1_187' title='bbox 247 2784 378 2842; x_wconf 89' lang='lat' dir='ltr'>sordibus</span> <span class='ocrx_word' id='word_1_188' title='bbox 405 2769 515 2862; x_wconf 83' lang='lat' dir='ltr'>peccati</span> <span class='ocrx_word' id='word_1_189' title='bbox 543 2784 667 2844; x_wconf 89' lang='lat' dir='ltr'>mundo:</span> <span class='ocrx_word' id='word_1_190' title='bbox 689 2804 754 2844; x_wconf 89' lang='lat' dir='ltr'>nam</span> <span class='ocrx_word' id='word_1_191' title='bbox 781 2787 822 2844; x_wconf 91' lang='lat' dir='ltr'>sic</span> <span class='ocrx_word' id='word_1_192' title='bbox 845 2784 910 2843; x_wconf 92' lang='lat' dir='ltr'>Deo</span> <span class='ocrx_word' id='word_1_193' title='bbox 936 2783 1063 2842; x_wconf 87' lang='lat' dir='ltr'>redditur</span> <span class='ocrx_word' id='word_1_194' title='bbox 1088 2799 1217 2840; x_wconf 91' lang='lat' dir='ltr'>summus</span> <span class='ocrx_word' id='word_1_195' title='bbox 1237 2781 1339 2849; x_wconf 90' lang='lat' dir='ltr'>honor,</span> 
     </span>
     <span class='ocr_line' id='line_1_24' title="bbox 247 2881 1339 2962; baseline -0.002 -21"><span class='ocrx_word' id='word_1_196' title='bbox 247 2883 363 2942; x_wconf 89' lang='lat' dir='ltr'>nomine</span> <span class='ocrx_word' id='word_1_197' title='bbox 377 2885 440 2961; x_wconf 91' lang='lat' dir='ltr'>ejus</span> <span class='ocrx_word' id='word_1_198' title='bbox 454 2885 527 2942; x_wconf 92' lang='lat' dir='ltr'>inter</span> <span class='ocrx_word' id='word_1_199' title='bbox 539 2893 639 2962; x_wconf 88' lang='lat' dir='ltr'>gentes</span> <span class='ocrx_word' id='word_1_200' title='bbox 653 2886 687 2943; x_wconf 91' lang='lat' dir='ltr'>ab</span> <span class='ocrx_word' id='word_1_201' title='bbox 708 2895 769 2944; x_wconf 90' lang='lat' dir='ltr'>ortu</span> <span class='ocrx_word' id='word_1_202' title='bbox 794 2886 863 2943; x_wconf 88' lang='lat' dir='ltr'>solis</span> <span class='ocrx_word' id='word_1_203' title='bbox 877 2902 968 2958; x_wconf 87' lang='lat' dir='ltr'>usque</span> <span class='ocrx_word' id='word_1_204' title='bbox 983 2883 1018 2941; x_wconf 96' lang='lat' dir='ltr'>ad</span> <span class='ocrx_word' id='word_1_205' title='bbox 1036 2897 1170 2940; x_wconf 90' lang='lat' dir='ltr'>occasum</span> <span class='ocrx_word' id='word_1_206' title='bbox 1187 2881 1339 2949; x_wconf 89' lang='lat' dir='ltr'>celebrato,</span> 
     </span>
     <span class='ocr_line' id='line_1_25' title="bbox 246 2981 1340 3062; baseline -0.003 -21"><span class='ocrx_word' id='word_1_207' title='bbox 246 2992 275 3041; x_wconf 89' lang='grc'>31</span> <span class='ocrx_word' id='word_1_208' title='bbox 287 2983 375 3061; x_wconf 80' lang='lat' dir='ltr'>gratia</span> <span class='ocrx_word' id='word_1_209' title='bbox 389 2991 486 3043; x_wconf 89' lang='lat' dir='ltr'>auctus</span> <span class='ocrx_word' id='word_1_210' title='bbox 500 2985 614 3062; x_wconf 89' lang='lat' dir='ltr'>proficit</span> <span class='ocrx_word' id='word_1_211' title='bbox 627 2985 677 3058; x_wconf 91' lang='lat' dir='ltr'>qui</span> <span class='ocrx_word' id='word_1_212' title='bbox 692 2995 796 3044; x_wconf 86' lang='lat' dir='ltr'>tantam</span> <span class='ocrx_word' id='word_1_213' title='bbox 809 2984 893 3044; x_wconf 87' lang='lat' dir='ltr'>offert</span> <span class='ocrx_word' id='word_1_214' title='bbox 912 2985 1078 3042; x_wconf 86' lang='lat' dir='ltr'>victimam:</span> <span class='ocrx_word' id='word_1_215' title='bbox 1100 2981 1141 3040; x_wconf 90' lang='lat' dir='ltr'>nil</span> <span class='ocrx_word' id='word_1_216' title='bbox 1156 2991 1250 3040; x_wconf 89' lang='lat' dir='ltr'>tamen</span> <span class='ocrx_word' id='word_1_217' title='bbox 1266 2990 1340 3039; x_wconf 89' lang='lat' dir='ltr'>vetat</span> 
     </span>
     <span class='ocr_line' id='line_1_26' title="bbox 162 3075 1339 3159; baseline -0.004 -17"><span class='ocrx_word' id='word_1_218' title='bbox 162 3093 166 3097; x_wconf 77' lang='grc'>’</span> <span class='ocrx_word' id='word_1_219' title='bbox 246 3081 396 3156; x_wconf 88' lang='lat' dir='ltr'>aliquoties</span> <span class='ocrx_word' id='word_1_220' title='bbox 416 3103 453 3143; x_wconf 87' lang='lat' dir='ltr'>ex</span> <span class='ocrx_word' id='word_1_221' title='bbox 476 3083 582 3143; x_wconf 72' lang='lat' dir='ltr'>‘humili</span> <span class='ocrx_word' id='word_1_222' title='bbox 602 3085 646 3142; x_wconf 91' lang='lat' dir='ltr'>sui</span> <span class='ocrx_word' id='word_1_223' title='bbox 666 3104 751 3143; x_wconf 89' lang='lat' dir='ltr'>sensu</span> <span class='ocrx_word' id='word_1_224' title='bbox 773 3105 804 3142; x_wconf 90' lang='lat' dir='ltr'>se</span> <span class='ocrx_word' id='word_1_225' title='bbox 825 3085 976 3142; x_wconf 88' lang='lat' dir='ltr'>abstinere.</span> <span class='ocrx_word' id='word_1_226' title='bbox 997 3075 1000 3078; x_wconf 40' lang='lat'>¹</span> <span class='ocrx_word' id='word_1_227' title='bbox 1017 3083 1158 3159; x_wconf 88' lang='lat' dir='ltr'>Episcopi</span> <span class='ocrx_word' id='word_1_228' title='bbox 1182 3081 1339 3158; x_wconf 71' lang='lat' dir='ltr'>praesertim</span> 
     </span>
     <span class='ocr_line' id='line_1_27' title="bbox 246 3178 1341 3266; baseline -0.005 -25"><span class='ocrx_word' id='word_1_229' title='bbox 246 3182 349 3242; x_wconf 88' lang='lat' dir='ltr'>debent</span> <span class='ocrx_word' id='word_1_230' title='bbox 362 3184 471 3244; x_wconf 90' lang='lat' dir='ltr'>nullum</span> <span class='ocrx_word' id='word_1_231' title='bbox 487 3183 563 3242; x_wconf 88' lang='lat' dir='ltr'>diem</span> <span class='ocrx_word' id='word_1_232' title='bbox 578 3184 685 3256; x_wconf 89' lang='lat' dir='ltr'>absque</span> <span class='ocrx_word' id='word_1_233' title='bbox 699 3185 800 3243; x_wconf 82' lang='lat' dir='ltr'>Missae</span> <span class='ocrx_word' id='word_1_234' title='bbox 814 3184 1015 3251; x_wconf 85' lang='lat' dir='ltr'>celebratione,</span> <span class='ocrx_word' id='word_1_235' title='bbox 1027 3183 1073 3241; x_wconf 90' lang='grc'>131</span> <span class='ocrx_word' id='word_1_236' title='bbox 1086 3180 1186 3240; x_wconf 90' lang='lat' dir='ltr'>saltem</span> <span class='ocrx_word' id='word_1_237' title='bbox 1196 3178 1341 3266; x_wconf 88' lang='lat' dir='ltr'>auditione</span> 
     </span>
     <span class='ocr_line' id='line_1_28' title="bbox 246 3273 1022 3340; baseline -0.008 -2"><span class='ocrx_word' id='word_1_238' title='bbox 246 3276 392 3340; x_wconf 65' lang='lat' dir='ltr'>transire.²</span> <span class='ocrx_word' id='word_1_239' title='bbox 1020 3273 1022 3279; x_wconf 71' lang='lat'>&#39;</span> 
     </span>
    </p>
   </div>
   <div class='ocr_carea' id='block_1_3' title="bbox 469 3479 1118 3554">
    <p class='ocr_par' dir='ltr' id='par_1_5' title="bbox 469 3479 1118 3554">
     <span class='ocr_line' id='line_1_29' title="bbox 469 3479 1118 3554; baseline 0.003 -16"><span class='ocrx_word' id='word_1_240' title='bbox 469 3479 484 3554; x_wconf 93' lang='lat'>§</span> <span class='ocrx_word' id='word_1_241' title='bbox 505 3480 545 3538; x_wconf 94' lang='lat' dir='ltr'>Il.</span> <span class='ocrx_word' id='word_1_242' title='bbox 588 3479 782 3546; x_wconf 78' lang='lat' dir='ltr'>Quauuonarr</span> <span class='ocrx_word' id='word_1_243' title='bbox 801 3499 977 3540; x_wconf 77' lang='lat' dir='ltr'>ennarrans</span> <span class='ocrx_word' id='word_1_244' title='bbox 998 3499 1118 3540; x_wconf 80' lang='grc'><strong>113311.</strong></span> 
     </span>
    </p>
   </div>
   <div class='ocr_carea' id='block_1_4' title="bbox 171 3655 1377 4334">
    <p class='ocr_par' dir='ltr' id='par_1_6' title="bbox 171 3655 1377 4334">
     <span class='ocr_line' id='line_1_30' title="bbox 282 3655 1377 3732; baseline 0.003 -22"><span class='ocrx_word' id='word_1_245' title='bbox 282 3657 331 3711; x_wconf 84' lang='grc'><strong>84.</strong></span> <span class='ocrx_word' id='word_1_246' title='bbox 350 3655 488 3721; x_wconf 85' lang='lat' dir='ltr'>Quolibet</span> <span class='ocrx_word' id='word_1_247' title='bbox 501 3655 548 3713; x_wconf 89' lang='lat' dir='ltr'>die</span> <span class='ocrx_word' id='word_1_248' title='bbox 562 3656 705 3714; x_wconf 88' lang='lat' dir='ltr'>celebrare</span> <span class='ocrx_word' id='word_1_249' title='bbox 718 3658 794 3724; x_wconf 88' lang='lat' dir='ltr'>licet,</span> <span class='ocrx_word' id='word_1_250' title='bbox 804 3665 926 3732; x_wconf 86' lang='lat' dir='ltr'>excepta</span> <span class='ocrx_word' id='word_1_251' title='bbox 941 3657 1012 3714; x_wconf 85' lang='lat' dir='ltr'>seria</span> <span class='ocrx_word' id='word_1_252' title='bbox 1025 3665 1106 3715; x_wconf 84' lang='lat' dir='ltr'>sexta</span> <span class='ocrx_word' id='word_1_253' title='bbox 1118 3660 1148 3716; x_wconf 90' lang='lat' dir='ltr'>in</span> <span class='ocrx_word' id='word_1_254' title='bbox 1163 3657 1334 3724; x_wconf 86' lang='lat' dir='ltr'>Parasceve‚</span> <span class='ocrx_word' id='word_1_255' title='bbox 1374 3682 1377 3694; x_wconf 71' lang='lat'>.</span> 
     </span>
     <span class='ocr_line' id='line_1_31' title="bbox 242 3751 1336 3829; baseline 0.004 -19"><span class='ocrx_word' id='word_1_256' title='bbox 242 3755 272 3810; x_wconf 91' lang='lat' dir='ltr'>in</span> <span class='ocrx_word' id='word_1_257' title='bbox 285 3771 342 3825; x_wconf 91' lang='lat' dir='ltr'>qua</span> <span class='ocrx_word' id='word_1_258' title='bbox 354 3771 432 3811; x_wconf 90' lang='lat' dir='ltr'>mors</span> <span class='ocrx_word' id='word_1_259' title='bbox 447 3751 559 3811; x_wconf 83' lang='lat' dir='ltr'>Christi</span> <span class='ocrx_word' id='word_1_260' title='bbox 572 3763 810 3814; x_wconf 88' lang='lat' dir='ltr'>commemoratur</span> <span class='ocrx_word' id='word_1_261' title='bbox 823 3756 998 3823; x_wconf 89' lang='lat' dir='ltr'>solemniter,</span> <span class='ocrx_word' id='word_1_262' title='bbox 1014 3753 1136 3829; x_wconf 86' lang='lat' dir='ltr'>ideoque</span> <span class='ocrx_word' id='word_1_263' title='bbox 1150 3754 1336 3824; x_wconf 85' lang='lat' dir='ltr'>sacrificium,</span> 
     </span>
     <span class='ocr_line' id='line_1_32' title="bbox 243 3851 1336 3932; baseline 0.002 -21"><span class='ocrx_word' id='word_1_264' title='bbox 243 3851 319 3925; x_wconf 91' lang='lat' dir='ltr'>quod</span> <span class='ocrx_word' id='word_1_265' title='bbox 339 3854 369 3912; x_wconf 91' lang='lat' dir='ltr'>in</span> <span class='ocrx_word' id='word_1_266' title='bbox 388 3853 451 3930; x_wconf 89' lang='lat' dir='ltr'>ejus</span> <span class='ocrx_word' id='word_1_267' title='bbox 471 3855 637 3912; x_wconf 90' lang='lat' dir='ltr'>memoriam</span> <span class='ocrx_word' id='word_1_268' title='bbox 659 3854 755 3912; x_wconf 84' lang='lat' dir='ltr'>offerri</span> <span class='ocrx_word' id='word_1_269' title='bbox 777 3856 892 3932; x_wconf 89' lang='lat' dir='ltr'>jussum</span> <span class='ocrx_word' id='word_1_270' title='bbox 914 3864 967 3922; x_wconf 88' lang='grc'><strong>331,</strong></span> <span class='ocrx_word' id='word_1_271' title='bbox 987 3872 1045 3912; x_wconf 88' lang='lat' dir='ltr'>uon</span> <span class='ocrx_word' id='word_1_272' title='bbox 1066 3859 1202 3915; x_wconf 83' lang='lat' dir='ltr'>convenit</span> <span class='ocrx_word' id='word_1_273' title='bbox 1227 3855 1336 3914; x_wconf 85' lang='lat' dir='ltr'>offerri.</span> 
     </span>
     <span class='ocr_line' id='line_1_33' title="bbox 171 3951 1337 4036; baseline 0.002 -26"><span class='ocrx_word' id='word_1_274' title='bbox 171 4004 172 4010; x_wconf 74' lang='grc'><strong>,</strong></span> <span class='ocrx_word' id='word_1_275' title='bbox 244 3951 342 4013; x_wconf 81' lang='lat' dir='ltr'>“Hoc</span> <span class='ocrx_word' id='word_1_276' title='bbox 356 3961 449 4013; x_wconf 89' lang='lat' dir='ltr'>autern</span> <span class='ocrx_word' id='word_1_277' title='bbox 464 3953 704 4022; x_wconf 89' lang='lat' dir='ltr'>sacramentum,”</span> <span class='ocrx_word' id='word_1_278' title='bbox 718 3955 851 4027; x_wconf 68' lang='lat' dir='ltr'>inques,</span> <span class='ocrx_word' id='word_1_279' title='bbox 867 3953 1008 4022; x_wconf 80' lang='lat' dir='ltr'>Thomas,</span> <span class='ocrx_word' id='word_1_280' title='bbox 1025 3955 1337 4036; x_wconf 84' lang='lat' dir='ltr'>“estfiguraquaedam</span> 
     </span>
     <span class='ocr_line' id='line_1_34' title="bbox 242 4052 1337 4131; baseline -0.001 -21"><span class='ocrx_word' id='word_1_281' title='bbox 242 4063 272 4110; x_wconf 90' lang='lat' dir='ltr'>et</span> <span class='ocrx_word' id='word_1_282' title='bbox 284 4054 451 4131; x_wconf 80' lang='lat' dir='ltr'>exemplum</span> <span class='ocrx_word' id='word_1_283' title='bbox 464 4052 624 4112; x_wconf 74' lang='lat' dir='ltr'>Dominicis</span> <span class='ocrx_word' id='word_1_284' title='bbox 639 4055 802 4130; x_wconf 85' lang='lat' dir='ltr'>passionis:</span> <span class='ocrx_word' id='word_1_285' title='bbox 818 4055 892 4112; x_wconf 87' lang='lat' dir='ltr'>sicut</span> <span class='ocrx_word' id='word_1_286' title='bbox 904 4054 1011 4112; x_wconf 87' lang='lat' dir='ltr'>dietum</span> <span class='ocrx_word' id='word_1_287' title='bbox 1025 4064 1078 4114; x_wconf 90' lang='grc'><strong>331.</strong></span> <span class='ocrx_word' id='word_1_288' title='bbox 1122 4057 1163 4117; x_wconf 89' lang='grc' dir='ltr'>Ε1</span> <span class='ocrx_word' id='word_1_289' title='bbox 1175 4056 1240 4116; x_wconf 89' lang='lat' dir='ltr'>ideo</span> <span class='ocrx_word' id='word_1_290' title='bbox 1253 4055 1282 4113; x_wconf 89' lang='lat' dir='ltr'>in</span> <span class='ocrx_word' id='word_1_291' title='bbox 1292 4052 1337 4111; x_wconf 86' lang='lat' dir='ltr'>die</span> 
     </span>
     <span class='ocr_line' id='line_1_35' title="bbox 243 4151 1338 4232; baseline -0.002 -22"><span class='ocrx_word' id='word_1_292' title='bbox 243 4171 299 4225; x_wconf 91' lang='lat' dir='ltr'>quo</span> <span class='ocrx_word' id='word_1_293' title='bbox 320 4157 383 4231; x_wconf 91' lang='lat' dir='ltr'>ipsa</span> <span class='ocrx_word' id='word_1_294' title='bbox 403 4155 499 4231; x_wconf 89' lang='lat' dir='ltr'>passio</span> <span class='ocrx_word' id='word_1_295' title='bbox 519 4151 639 4213; x_wconf 89' lang='lat' dir='ltr'>Domini</span> <span class='ocrx_word' id='word_1_296' title='bbox 662 4154 805 4223; x_wconf 85' lang='lat' dir='ltr'>recolitur,</span> <span class='ocrx_word' id='word_1_297' title='bbox 821 4163 905 4232; x_wconf 89' lang='lat' dir='ltr'>prout</span> <span class='ocrx_word' id='word_1_298' title='bbox 924 4162 1005 4232; x_wconf 87' lang='lat' dir='ltr'>gesta</span> <span class='ocrx_word' id='word_1_299' title='bbox 1030 4166 1082 4226; x_wconf 90' lang='lat' dir='ltr'>est,</span> <span class='ocrx_word' id='word_1_300' title='bbox 1100 4176 1158 4217; x_wconf 90' lang='lat' dir='ltr'>non</span> <span class='ocrx_word' id='word_1_301' title='bbox 1182 4154 1338 4214; x_wconf 91' lang='lat' dir='ltr'>celebratur</span> 
     </span>
     <span class='ocr_line' id='line_1_36' title="bbox 241 4247 1336 4334; baseline -0.001 -26"><span class='ocrx_word' id='word_1_302' title='bbox 241 4255 418 4313; x_wconf 86' lang='lat' dir='ltr'>consecratio</span> <span class='ocrx_word' id='word_1_303' title='bbox 431 4253 516 4331; x_wconf 90' lang='lat' dir='ltr'>hujus</span> <span class='ocrx_word' id='word_1_304' title='bbox 531 4247 750 4313; x_wconf 68' lang='grc'>3331311131111.”3</span> <span class='ocrx_word' id='word_1_305' title='bbox 790 4255 874 4313; x_wconf 83' lang='lat' dir='ltr'>Faria</span> <span class='ocrx_word' id='word_1_306' title='bbox 883 4256 981 4328; x_wconf 90' lang='lat' dir='ltr'>quinta</span> <span class='ocrx_word' id='word_1_307' title='bbox 993 4253 1022 4312; x_wconf 89' lang='lat' dir='ltr'>in</span> <span class='ocrx_word' id='word_1_308' title='bbox 1032 4258 1135 4334; x_wconf 90' lang='lat' dir='ltr'>majori</span> <span class='ocrx_word' id='word_1_309' title='bbox 1148 4250 1336 4318; x_wconf 90' lang='lat' dir='ltr'>hebdomade,</span> 
     </span>
    </p>
   </div>
   <div class='ocr_carea' id='block_1_5' title="bbox 343 4393 1233 4566">
    <p class='ocr_par' dir='ltr' id='par_1_7' title="bbox 343 4393 1233 4566">
     <span class='ocr_line' id='line_1_37' title="bbox 343 4393 1233 4482; baseline -0.017 -8"><span class='ocrx_word' id='word_1_310' title='bbox 343 4393 384 4477; x_wconf 86' lang='lat'>(1)</span> <span class='ocrx_word' id='word_1_311' title='bbox 405 4412 469 4461; x_wconf 83' lang='lat' dir='ltr'>Sess.</span> <span class='ocrx_word' id='word_1_312' title='bbox 483 4413 553 4462; x_wconf 85' lang='lat' dir='ltr'>xxiii.</span> <span class='ocrx_word' id='word_1_313' title='bbox 565 4429 586 4463; x_wconf 88' lang='lat' dir='ltr'>c.</span> <span class='ocrx_word' id='word_1_314' title='bbox 599 4415 648 4462; x_wconf 85' lang='lat' dir='ltr'>xiv.</span> <span class='ocrx_word' id='word_1_315' title='bbox 819 4416 861 4481; x_wconf 84' lang='lat'>(2)</span> <span class='ocrx_word' id='word_1_316' title='bbox 883 4413 944 4477; x_wconf 85' lang='lat' dir='ltr'>Cap.</span> <span class='ocrx_word' id='word_1_317' title='bbox 956 4415 1000 4464; x_wconf 88' lang='lat' dir='ltr'>ult.</span> <span class='ocrx_word' id='word_1_318' title='bbox 1012 4415 1042 4463; x_wconf 88' lang='lat' dir='ltr'>de</span> <span class='ocrx_word' id='word_1_319' title='bbox 1051 4414 1159 4482; x_wconf 86' lang='lat' dir='ltr'>privileg.</span> <span class='ocrx_word' id='word_1_320' title='bbox 1170 4412 1196 4460; x_wconf 85' lang='lat' dir='ltr'>in</span> <span class='ocrx_word' id='word_1_321' title='bbox 1209 4411 1233 4464; x_wconf 83' lang='grc'>6,.</span> 
     </span>
     <span class='ocr_line' id='line_1_38' title="bbox 604 4498 986 4566; baseline 0.005 -18"><span class='ocrx_word' id='word_1_322' title='bbox 604 4502 646 4566; x_wconf 81' lang='grc'>(3)</span> <span class='ocrx_word' id='word_1_323' title='bbox 666 4499 699 4548; x_wconf 85' lang='lat' dir='ltr'>iii.</span> <span class='ocrx_word' id='word_1_324' title='bbox 711 4515 735 4562; x_wconf 89' lang='lat' dir='ltr'>p.</span> <span class='ocrx_word' id='word_1_325' title='bbox 747 4515 787 4562; x_wconf 93' lang='lat' dir='ltr'>qu.</span> <span class='ocrx_word' id='word_1_326' title='bbox 799 4498 895 4548; x_wconf 83' lang='lat' dir='ltr'>lxxxiii.</span> <span class='ocrx_word' id='word_1_327' title='bbox 907 4507 949 4549; x_wconf 87' lang='lat' dir='ltr'>art.</span> <span class='ocrx_word' id='word_1_328' title='bbox 961 4499 986 4550; x_wconf 92' lang='lat' dir='ltr'>ii.</span> 
     </span>
    </p>
   </div>
   <div class='ocr_carea' id='block_1_6' title="bbox 0 0 1590 5172">
    <p class='ocr_par' dir='ltr' id='par_1_8' title="bbox 0 0 1590 5172">
     <span class='ocr_line' id='line_1_39' title="bbox 0 0 1590 5172; baseline 0 3"><span class='ocrx_word' id='word_1_329' title='bbox 0 0 1590 5172; x_wconf 95' lang='lat' dir='ltr'> </span> 
     </span>
    </p>
   </div>
  </div>
 </body>
</html>
