<?xml version="1.0" encoding="UTF-8"?>
<!DOCTYPE html PUBLIC "-//W3C//DTD XHTML 1.0 Transitional//EN"
    "http://www.w3.org/TR/xhtml1/DTD/xhtml1-transitional.dtd">
<html xmlns="http://www.w3.org/1999/xhtml" xml:lang="en" lang="en">
 <head>
  <title>
</title>
<meta http-equiv="Content-Type" content="text/html;charset=utf-8" />
  <meta name='ocr-system' content='tesseract 3.04.00' />
  <meta name='ocr-capabilities' content='ocr_page ocr_carea ocr_par ocr_line ocrx_word'/>
</head>
<body>
  <div class='ocr_page' id='page_1' title='image "./theologiaemoral02kenrgoog_0233.png"; bbox 0 0 3144 5192; ppageno 0'>
   <div class='ocr_carea' id='block_1_1' title="bbox 260 519 1000 586">
    <p class='ocr_par' dir='ltr' id='par_1_1' title="bbox 260 519 1000 586">
     <span class='ocr_line' id='line_1_1' title="bbox 260 519 1000 586; baseline -0.008 0"><span class='ocrx_word' id='word_1_1' title='bbox 260 529 320 586; x_wconf 79' lang='lat' dir='ltr'>ete</span> <span class='ocrx_word' id='word_1_2' title='bbox 611 521 667 582; x_wconf 85' lang='lat' dir='ltr'>DE</span> <span class='ocrx_word' id='word_1_3' title='bbox 689 519 1000 580; x_wconf 77' lang='lat' dir='ltr'><strong>ABSOLU&#39;I&#39;IONE.</strong></span> 
     </span>
    </p>
   </div>
   <div class='ocr_carea' id='block_1_2' title="bbox 261 686 1354 2653">
    <p class='ocr_par' dir='ltr' id='par_1_2' title="bbox 261 686 1354 1661">
     <span class='ocr_line' id='line_1_2' title="bbox 261 686 1354 768; baseline -0.003 -16"><span class='ocrx_word' id='word_1_4' title='bbox 261 711 328 752; x_wconf 89' lang='lat' dir='ltr'>cum</span> <span class='ocrx_word' id='word_1_5' title='bbox 340 691 482 768; x_wconf 73' lang='lat' dir='ltr'>penitens</span> <span class='ocrx_word' id='word_1_6' title='bbox 496 690 531 748; x_wconf 85' lang='lat' dir='ltr'>ab</span> <span class='ocrx_word' id='word_1_7' title='bbox 543 689 640 748; x_wconf 89' lang='lat' dir='ltr'>officio</span> <span class='ocrx_word' id='word_1_8' title='bbox 663 689 707 747; x_wconf 88' lang='lat' dir='ltr'>vel</span> <span class='ocrx_word' id='word_1_9' title='bbox 721 687 831 756; x_wconf 88' lang='lat' dir='ltr'>curiali,</span> <span class='ocrx_word' id='word_1_10' title='bbox 856 689 901 747; x_wconf 86' lang='lat' dir='ltr'>vel</span> <span class='ocrx_word' id='word_1_11' title='bbox 920 686 1056 766; x_wconf 82' lang='lat' dir='ltr'>negotiali</span> <span class='ocrx_word' id='word_1_12' title='bbox 1070 704 1129 746; x_wconf 91' lang='lat' dir='ltr'>non</span> <span class='ocrx_word' id='word_1_13' title='bbox 1141 686 1257 758; x_wconf 86' lang='lat' dir='ltr'>recedit,</span> <span class='ocrx_word' id='word_1_14' title='bbox 1272 690 1354 762; x_wconf 91' lang='lat' dir='ltr'>quod</span> 
     </span>
     <span class='ocr_line' id='line_1_3' title="bbox 261 781 1353 867; baseline 0 -19"><span class='ocrx_word' id='word_1_15' title='bbox 261 794 323 850; x_wconf 84' lang='lat' dir='ltr'>sine</span> <span class='ocrx_word' id='word_1_16' title='bbox 336 800 453 867; x_wconf 85' lang='lat' dir='ltr'>peccato</span> <span class='ocrx_word' id='word_1_17' title='bbox 468 790 513 867; x_wconf 85' lang='lat' dir='ltr'>agi</span> <span class='ocrx_word' id='word_1_18' title='bbox 525 789 604 847; x_wconf 88' lang='lat' dir='ltr'>nulla</span> <span class='ocrx_word' id='word_1_19' title='bbox 617 789 723 846; x_wconf 85' lang='lat' dir='ltr'>ratione</span> <span class='ocrx_word' id='word_1_20' title='bbox 737 781 933 864; x_wconf 88' lang='lat' dir='ltr'>praevaleat.”¹</span> <span class='ocrx_word' id='word_1_21' title='bbox 973 789 1041 865; x_wconf 84' lang='lat' dir='ltr'>lpse</span> <span class='ocrx_word' id='word_1_22' title='bbox 1061 785 1195 845; x_wconf 83' lang='lat' dir='ltr'>Christus</span> <span class='ocrx_word' id='word_1_23' title='bbox 1212 789 1301 865; x_wconf 86' lang='lat' dir='ltr'>jussit</span> <span class='ocrx_word' id='word_1_24' title='bbox 1319 802 1353 848; x_wconf 91' lang='lat' dir='ltr'>ut</span> 
     </span>
     <span class='ocr_line' id='line_1_4' title="bbox 262 886 1352 968; baseline -0.003 -19"><span class='ocrx_word' id='word_1_25' title='bbox 262 909 325 964; x_wconf 80' lang='lat' dir='ltr'>quae</span> <span class='ocrx_word' id='word_1_26' title='bbox 347 891 440 968; x_wconf 79' lang='lat' dir='ltr'>magis</span> <span class='ocrx_word' id='word_1_27' title='bbox 461 889 630 956; x_wconf 87' lang='lat' dir='ltr'>necessaria,</span> <span class='ocrx_word' id='word_1_28' title='bbox 653 887 698 946; x_wconf 88' lang='lat' dir='ltr'>vel</span> <span class='ocrx_word' id='word_1_29' title='bbox 719 887 799 945; x_wconf 88' lang='lat' dir='ltr'>utilia</span> <span class='ocrx_word' id='word_1_30' title='bbox 821 886 960 956; x_wconf 89' lang='lat' dir='ltr'>videntur,</span> <span class='ocrx_word' id='word_1_31' title='bbox 983 887 1017 944; x_wconf 89' lang='lat' dir='ltr'>ad</span> <span class='ocrx_word' id='word_1_32' title='bbox 1040 886 1196 945; x_wconf 82' lang='lat' dir='ltr'>inferorum</span> <span class='ocrx_word' id='word_1_33' title='bbox 1210 889 1352 964; x_wconf 86' lang='lat' dir='ltr'>supplicia</span> 
     </span>
     <span class='ocr_line' id='line_1_5' title="bbox 262 984 1351 1066; baseline -0.003 -18"><span class='ocrx_word' id='word_1_34' title='bbox 262 989 402 1056; x_wconf 88' lang='lat' dir='ltr'>evitanda,</span> <span class='ocrx_word' id='word_1_35' title='bbox 416 989 598 1066; x_wconf 84' lang='lat' dir='ltr'>abjiciamus:</span> <span class='ocrx_word' id='word_1_36' title='bbox 622 987 684 1044; x_wconf 82' lang='lat' dir='ltr'>“Si</span> <span class='ocrx_word' id='word_1_37' title='bbox 707 986 806 1046; x_wconf 86' lang='lat' dir='ltr'>oculus</span> <span class='ocrx_word' id='word_1_38' title='bbox 828 995 893 1044; x_wconf 85' lang='lat' dir='ltr'>tuus</span> <span class='ocrx_word' id='word_1_39' title='bbox 912 984 1012 1044; x_wconf 86' lang='lat' dir='ltr'>dexter</span> <span class='ocrx_word' id='word_1_40' title='bbox 1031 985 1206 1044; x_wconf 87' lang='lat' dir='ltr'>scandalizat</span> <span class='ocrx_word' id='word_1_41' title='bbox 1225 995 1261 1053; x_wconf 88' lang='lat' dir='ltr'>te,</span> <span class='ocrx_word' id='word_1_42' title='bbox 1281 1006 1351 1046; x_wconf 88' lang='lat' dir='ltr'>erue</span> 
     </span>
     <span class='ocr_line' id='line_1_6' title="bbox 262 1085 1352 1167; baseline -0.003 -18"><span class='ocrx_word' id='word_1_43' title='bbox 262 1107 340 1160; x_wconf 87' lang='lat' dir='ltr'>aum,</span> <span class='ocrx_word' id='word_1_44' title='bbox 367 1099 396 1147; x_wconf 91' lang='lat' dir='ltr'>et</span> <span class='ocrx_word' id='word_1_45' title='bbox 414 1089 523 1167; x_wconf 86' lang='lat' dir='ltr'>projice</span> <span class='ocrx_word' id='word_1_46' title='bbox 543 1087 592 1144; x_wconf 89' lang='lat' dir='ltr'>abs</span> <span class='ocrx_word' id='word_1_47' title='bbox 619 1097 661 1153; x_wconf 70' lang='lat' dir='ltr'>tet</span> <span class='ocrx_word' id='word_1_48' title='bbox 682 1085 799 1162; x_wconf 89' lang='lat' dir='ltr'>expedit</span> <span class='ocrx_word' id='word_1_49' title='bbox 818 1086 895 1144; x_wconf 90' lang='lat' dir='ltr'>enim</span> <span class='ocrx_word' id='word_1_50' title='bbox 915 1087 965 1144; x_wconf 90' lang='lat' dir='ltr'>tibi</span> <span class='ocrx_word' id='word_1_51' title='bbox 985 1095 1017 1144; x_wconf 93' lang='lat' dir='ltr'>ut</span> <span class='ocrx_word' id='word_1_52' title='bbox 1036 1096 1133 1162; x_wconf 90' lang='lat' dir='ltr'>pereat</span> <span class='ocrx_word' id='word_1_53' title='bbox 1152 1104 1240 1144; x_wconf 89' lang='lat' dir='ltr'>unum</span> <span class='ocrx_word' id='word_1_54' title='bbox 1260 1104 1352 1146; x_wconf 91' lang='lat' dir='ltr'>mem·</span> 
     </span>
     <span class='ocr_line' id='line_1_7' title="bbox 262 1184 1350 1263; baseline -0.004 -15"><span class='ocrx_word' id='word_1_55' title='bbox 262 1191 376 1248; x_wconf 78' lang='lat' dir='ltr'>brorum</span> <span class='ocrx_word' id='word_1_56' title='bbox 400 1197 522 1252; x_wconf 86' lang='lat' dir='ltr'>tuorum,</span> <span class='ocrx_word' id='word_1_57' title='bbox 544 1203 628 1258; x_wconf 90' lang='lat' dir='ltr'>quarn</span> <span class='ocrx_word' id='word_1_58' title='bbox 650 1193 737 1244; x_wconf 88' lang='lat' dir='ltr'>totum</span> <span class='ocrx_word' id='word_1_59' title='bbox 759 1195 961 1263; x_wconf 86' lang='lat' dir='ltr'>corpustuum</span> <span class='ocrx_word' id='word_1_60' title='bbox 982 1187 1106 1244; x_wconf 89' lang='lat' dir='ltr'>mittatur</span> <span class='ocrx_word' id='word_1_61' title='bbox 1126 1187 1156 1243; x_wconf 89' lang='lat' dir='ltr'>iu</span> <span class='ocrx_word' id='word_1_62' title='bbox 1179 1184 1350 1261; x_wconf 89' lang='lat' dir='ltr'>gehennam.</span> 
     </span>
     <span class='ocr_line' id='line_1_8' title="bbox 263 1283 1351 1361; baseline -0.005 -14"><span class='ocrx_word' id='word_1_63' title='bbox 263 1289 340 1347; x_wconf 85' lang='lat' dir='ltr'>Etsi</span> <span class='ocrx_word' id='word_1_64' title='bbox 354 1285 470 1344; x_wconf 85' lang='lat' dir='ltr'>dextera</span> <span class='ocrx_word' id='word_1_65' title='bbox 483 1303 583 1342; x_wconf 87' lang='lat' dir='ltr'>manus</span> <span class='ocrx_word' id='word_1_66' title='bbox 597 1293 644 1342; x_wconf 90' lang='lat' dir='ltr'>tua</span> <span class='ocrx_word' id='word_1_67' title='bbox 657 1283 830 1344; x_wconf 84' lang='lat' dir='ltr'>scandalizat</span> <span class='ocrx_word' id='word_1_68' title='bbox 843 1295 880 1352; x_wconf 91' lang='lat' dir='ltr'>te,</span> <span class='ocrx_word' id='word_1_69' title='bbox 899 1285 1033 1344; x_wconf 88' lang='lat' dir='ltr'>abscinde</span> <span class='ocrx_word' id='word_1_70' title='bbox 1047 1303 1121 1352; x_wconf 86' lang='lat' dir='ltr'>earn,</span> <span class='ocrx_word' id='word_1_71' title='bbox 1135 1294 1164 1342; x_wconf 91' lang='lat' dir='ltr'>et</span> <span class='ocrx_word' id='word_1_72' title='bbox 1176 1285 1285 1361; x_wconf 86' lang='lat' dir='ltr'>projice</span> <span class='ocrx_word' id='word_1_73' title='bbox 1300 1286 1351 1344; x_wconf 83' lang='lat' dir='ltr'>abs</span> 
     </span>
     <span class='ocr_line' id='line_1_9' title="bbox 262 1378 1353 1462; baseline -0.003 -18"><span class='ocrx_word' id='word_1_74' title='bbox 262 1397 289 1444; x_wconf 90' lang='lat' dir='ltr'>te</span> <span class='ocrx_word' id='word_1_75' title='bbox 308 1378 401 1444; x_wconf 79' lang='lat' dir='ltr'>eto.”²</span> <span class='ocrx_word' id='word_1_76' title='bbox 441 1385 552 1444; x_wconf 84' lang='lat' dir='ltr'>Omnes</span> <span class='ocrx_word' id='word_1_77' title='bbox 571 1385 657 1462; x_wconf 85' lang='lat' dir='ltr'>igitur</span> <span class='ocrx_word' id='word_1_78' title='bbox 675 1385 725 1459; x_wconf 88' lang='lat' dir='ltr'>qui</span> <span class='ocrx_word' id='word_1_79' title='bbox 744 1403 801 1443; x_wconf 88' lang='lat' dir='ltr'>non</span> <span class='ocrx_word' id='word_1_80' title='bbox 822 1397 942 1461; x_wconf 84' lang='lat' dir='ltr'>possunt</span> <span class='ocrx_word' id='word_1_81' title='bbox 961 1386 1075 1444; x_wconf 88' lang='lat' dir='ltr'>vincere</span> <span class='ocrx_word' id='word_1_82' title='bbox 1095 1385 1274 1451; x_wconf 79' lang='lat' dir='ltr'><strong>tentationes,</strong></span> <span class='ocrx_word' id='word_1_83' title='bbox 1295 1385 1353 1443; x_wconf 90' lang='lat' dir='ltr'>nisi</span> 
     </span>
     <span class='ocr_line' id='line_1_10' title="bbox 263 1484 1348 1562; baseline -0.003 -18"><span class='ocrx_word' id='word_1_84' title='bbox 263 1484 412 1562; x_wconf 84' lang='lat' dir='ltr'>abjicendo</span> <span class='ocrx_word' id='word_1_85' title='bbox 438 1503 556 1543; x_wconf 81' lang='lat' dir='ltr'>munera</span> <span class='ocrx_word' id='word_1_86' title='bbox 577 1503 639 1552; x_wconf 89' lang='lat' dir='ltr'>sua,</span> <span class='ocrx_word' id='word_1_87' title='bbox 665 1484 711 1542; x_wconf 87' lang='lat' dir='ltr'>vel</span> <span class='ocrx_word' id='word_1_88' title='bbox 731 1484 890 1543; x_wconf 83' lang='lat' dir='ltr'>deserendo</span> <span class='ocrx_word' id='word_1_89' title='bbox 909 1501 960 1543; x_wconf 89' lang='lat' dir='ltr'>eos</span> <span class='ocrx_word' id='word_1_90' title='bbox 981 1505 997 1543; x_wconf 88' lang='lat' dir='ltr'>a</span> <span class='ocrx_word' id='word_1_91' title='bbox 1021 1484 1125 1558; x_wconf 86' lang='lat' dir='ltr'>quibus</span> <span class='ocrx_word' id='word_1_92' title='bbox 1145 1493 1348 1551; x_wconf 70' lang='lat' dir='ltr'><strong>sustentantur,</strong></span> 
     </span>
     <span class='ocr_line' id='line_1_11' title="bbox 263 1583 921 1661; baseline -0.003 -19"><span class='ocrx_word' id='word_1_93' title='bbox 263 1585 367 1643; x_wconf 87' lang='lat' dir='ltr'>debent</span> <span class='ocrx_word' id='word_1_94' title='bbox 379 1585 460 1642; x_wconf 85' lang='lat' dir='ltr'>saluti</span> <span class='ocrx_word' id='word_1_95' title='bbox 474 1583 634 1661; x_wconf 85' lang='lat' dir='ltr'>providere,</span> <span class='ocrx_word' id='word_1_96' title='bbox 649 1584 780 1642; x_wconf 87' lang='lat' dir='ltr'>omnibus</span> <span class='ocrx_word' id='word_1_97' title='bbox 795 1584 921 1661; x_wconf 84' lang='lat' dir='ltr'>abjectis.</span> 
     </span>
    </p>

    <p class='ocr_par' dir='ltr' id='par_1_3' title="bbox 262 1682 1350 2653">
     <span class='ocr_line' id='line_1_12' title="bbox 304 1682 1348 1760; baseline -0.002 -18"><span class='ocrx_word' id='word_1_98' title='bbox 304 1687 371 1742; x_wconf 82' lang='grc'><strong>197.</strong></span> <span class='ocrx_word' id='word_1_99' title='bbox 392 1682 527 1741; x_wconf 83' lang='lat' dir='ltr'>Externae</span> <span class='ocrx_word' id='word_1_100' title='bbox 536 1684 703 1741; x_wconf 80' lang='lat' dir='ltr'><strong>occasiones</strong></span> <span class='ocrx_word' id='word_1_101' title='bbox 716 1685 837 1760; x_wconf 89' lang='lat' dir='ltr'>peccati,</span> <span class='ocrx_word' id='word_1_102' title='bbox 851 1701 913 1756; x_wconf 83' lang='lat' dir='ltr'>quae</span> <span class='ocrx_word' id='word_1_103' title='bbox 927 1683 1042 1742; x_wconf 85' lang='lat' dir='ltr'>inutiles</span> <span class='ocrx_word' id='word_1_104' title='bbox 1050 1691 1117 1740; x_wconf 84' lang='lat' dir='ltr'>sunt</span> <span class='ocrx_word' id='word_1_105' title='bbox 1129 1692 1158 1740; x_wconf 90' lang='lat' dir='ltr'>et</span> <span class='ocrx_word' id='word_1_106' title='bbox 1170 1683 1348 1760; x_wconf 79' lang='lat' dir='ltr'>perniciosae,</span> 
     </span>
     <span class='ocr_line' id='line_1_13' title="bbox 263 1780 1350 1856; baseline -0.004 -14"><span class='ocrx_word' id='word_1_107' title='bbox 263 1795 329 1842; x_wconf 87' lang='lat' dir='ltr'>sunt</span> <span class='ocrx_word' id='word_1_108' title='bbox 342 1784 459 1842; x_wconf 90' lang='lat' dir='ltr'>omnino</span> <span class='ocrx_word' id='word_1_109' title='bbox 472 1781 652 1841; x_wconf 78' lang='lat' dir='ltr'>deserenda:</span> <span class='ocrx_word' id='word_1_110' title='bbox 675 1799 728 1840; x_wconf 89' lang='lat' dir='ltr'>nec</span> <span class='ocrx_word' id='word_1_111' title='bbox 742 1780 931 1842; x_wconf 82' lang='lat' dir='ltr'>absolvendus</span> <span class='ocrx_word' id='word_1_112' title='bbox 949 1783 1054 1856; x_wconf 84' lang='lat' dir='ltr'>estqui</span> <span class='ocrx_word' id='word_1_113' title='bbox 1068 1800 1115 1840; x_wconf 86' lang='lat' dir='ltr'>aas</span> <span class='ocrx_word' id='word_1_114' title='bbox 1129 1781 1259 1840; x_wconf 85' lang='lat' dir='ltr'>deserere</span> <span class='ocrx_word' id='word_1_115' title='bbox 1273 1781 1350 1840; x_wconf 89' lang='lat' dir='ltr'>haud</span> 
     </span>
     <span class='ocr_line' id='line_1_14' title="bbox 263 1880 1349 1961; baseline -0.005 -18"><span class='ocrx_word' id='word_1_116' title='bbox 263 1883 422 1961; x_wconf 86' lang='lat' dir='ltr'>pollicetur.</span> <span class='ocrx_word' id='word_1_117' title='bbox 464 1882 514 1939; x_wconf 84' lang='lat' dir='ltr'>Sic</span> <span class='ocrx_word' id='word_1_118' title='bbox 526 1899 680 1959; x_wconf 83' lang='lat' dir='ltr'>pravorum</span> <span class='ocrx_word' id='word_1_119' title='bbox 694 1883 880 1951; x_wconf 79' lang='lat' dir='ltr'>consortium,</span> <span class='ocrx_word' id='word_1_120' title='bbox 895 1885 1075 1959; x_wconf 84' lang='lat' dir='ltr'>popinarum,</span> <span class='ocrx_word' id='word_1_121' title='bbox 1088 1880 1144 1940; x_wconf 83' lang='lat' dir='ltr'>sori</span> <span class='ocrx_word' id='word_1_122' title='bbox 1164 1882 1300 1950; x_wconf 77' lang='lat' dir='ltr'>aleatoriI,</span> <span class='ocrx_word' id='word_1_123' title='bbox 1321 1891 1349 1938; x_wconf 90' lang='lat' dir='ltr'>et</span> 
     </span>
     <span class='ocr_line' id='line_1_15' title="bbox 264 1979 1348 2060; baseline -0.004 -18"><span class='ocrx_word' id='word_1_124' title='bbox 264 1983 365 2042; x_wconf 76' lang='lat' dir='ltr'>theatri</span> <span class='ocrx_word' id='word_1_125' title='bbox 387 1982 584 2056; x_wconf 79' lang='lat' dir='ltr'>frequentatio,</span> <span class='ocrx_word' id='word_1_126' title='bbox 598 1991 626 2038; x_wconf 92' lang='lat' dir='ltr'>et</span> <span class='ocrx_word' id='word_1_127' title='bbox 647 1980 701 2039; x_wconf 89' lang='lat' dir='ltr'>alie</span> <span class='ocrx_word' id='word_1_128' title='bbox 722 1981 899 2059; x_wconf 90' lang='lat' dir='ltr'>hujusmodi,</span> <span class='ocrx_word' id='word_1_129' title='bbox 914 2000 978 2056; x_wconf 81' lang='lat' dir='ltr'>quae</span> <span class='ocrx_word' id='word_1_130' title='bbox 997 1981 1157 2060; x_wconf 90' lang='lat' dir='ltr'>periculum</span> <span class='ocrx_word' id='word_1_131' title='bbox 1170 1982 1276 2054; x_wconf 86' lang='lat' dir='ltr'>absque</span> <span class='ocrx_word' id='word_1_132' title='bbox 1289 1979 1348 2039; x_wconf 89' lang='lat' dir='ltr'>ulla</span> 
     </span>
     <span class='ocr_line' id='line_1_16' title="bbox 262 2078 1348 2150; baseline -0.002 -10"><span class='ocrx_word' id='word_1_133' title='bbox 262 2083 380 2140; x_wconf 87' lang='lat' dir='ltr'>utilitate</span> <span class='ocrx_word' id='word_1_134' title='bbox 390 2100 455 2147; x_wconf 78' lang='lat' dir='ltr'>tua,</span> <span class='ocrx_word' id='word_1_135' title='bbox 469 2080 515 2138; x_wconf 87' lang='lat' dir='ltr'>vel</span> <span class='ocrx_word' id='word_1_136' title='bbox 528 2082 628 2147; x_wconf 90' lang='lat' dir='ltr'>aliena,</span> <span class='ocrx_word' id='word_1_137' title='bbox 643 2078 774 2150; x_wconf 85' lang='lat' dir='ltr'>afferunt,</span> <span class='ocrx_word' id='word_1_138' title='bbox 788 2090 855 2139; x_wconf 83' lang='lat' dir='ltr'>eunt</span> <span class='ocrx_word' id='word_1_139' title='bbox 864 2081 1029 2140; x_wconf 85' lang='lat' dir='ltr'>deserenda.</span> <span class='ocrx_word' id='word_1_140' title='bbox 1056 2081 1236 2140; x_wconf 83' lang='lat' dir='ltr'>Promittauti</span> <span class='ocrx_word' id='word_1_141' title='bbox 1249 2099 1348 2140; x_wconf 86' lang='lat' dir='ltr'>eorum</span> 
     </span>
     <span class='ocr_line' id='line_1_17' title="bbox 263 2178 1347 2256; baseline 0.001 -18"><span class='ocrx_word' id='word_1_142' title='bbox 263 2180 358 2256; x_wconf 79' lang='lat' dir='ltr'>fugam</span> <span class='ocrx_word' id='word_1_143' title='bbox 381 2178 470 2236; x_wconf 87' lang='lat' dir='ltr'>fidere</span> <span class='ocrx_word' id='word_1_144' title='bbox 491 2181 594 2255; x_wconf 87' lang='lat' dir='ltr'>poterit</span> <span class='ocrx_word' id='word_1_145' title='bbox 615 2178 824 2240; x_wconf 86' lang='lat' dir='ltr'>confessarius:</span> <span class='ocrx_word' id='word_1_146' title='bbox 847 2180 925 2254; x_wconf 87' lang='lat' dir='ltr'>quod</span> <span class='ocrx_word' id='word_1_147' title='bbox 947 2183 972 2239; x_wconf 83' lang='lat' dir='ltr'>ei</span> <span class='ocrx_word' id='word_1_148' title='bbox 994 2180 1084 2240; x_wconf 89' lang='lat' dir='ltr'>semel</span> <span class='ocrx_word' id='word_1_149' title='bbox 1103 2182 1241 2240; x_wconf 86' lang='lat' dir='ltr'>iterumve</span> <span class='ocrx_word' id='word_1_150' title='bbox 1261 2178 1347 2239; x_wconf 86' lang='lat' dir='ltr'>fidam</span> 
     </span>
     <span class='ocr_line' id='line_1_18' title="bbox 262 2278 1350 2356; baseline -0.002 -18"><span class='ocrx_word' id='word_1_151' title='bbox 262 2278 377 2356; x_wconf 74' lang='lat' dir='ltr'>fregerit</span> <span class='ocrx_word' id='word_1_152' title='bbox 399 2278 550 2355; x_wconf 73' lang='lat' dir='ltr'>poenitens,</span> <span class='ocrx_word' id='word_1_153' title='bbox 574 2298 632 2338; x_wconf 87' lang='lat' dir='ltr'>non</span> <span class='ocrx_word' id='word_1_154' title='bbox 658 2281 753 2340; x_wconf 89' lang='lat' dir='ltr'>statim</span> <span class='ocrx_word' id='word_1_155' title='bbox 780 2281 832 2340; x_wconf 89' lang='lat' dir='ltr'>erit</span> <span class='ocrx_word' id='word_1_156' title='bbox 858 2281 1036 2340; x_wconf 84' lang='lat' dir='ltr'>absolutione</span> <span class='ocrx_word' id='word_1_157' title='bbox 1062 2279 1220 2348; x_wconf 88' lang='lat' dir='ltr'>donandus,</span> <span class='ocrx_word' id='word_1_158' title='bbox 1241 2279 1291 2337; x_wconf 84' lang='lat' dir='ltr'>aad</span> <span class='ocrx_word' id='word_1_159' title='bbox 1308 2280 1350 2337; x_wconf 89' lang='lat' dir='ltr'>rei</span> 
     </span>
     <span class='ocr_line' id='line_1_19' title="bbox 263 2377 1348 2456; baseline 0 -18"><span class='ocrx_word' id='word_1_160' title='bbox 263 2379 390 2456; x_wconf 89' lang='lat' dir='ltr'>periculo</span> <span class='ocrx_word' id='word_1_161' title='bbox 402 2378 493 2438; x_wconf 83' lang='lat' dir='ltr'>sacto:</span> <span class='ocrx_word' id='word_1_162' title='bbox 518 2380 640 2439; x_wconf 86' lang='lat' dir='ltr'>“donec</span> <span class='ocrx_word' id='word_1_163' title='bbox 653 2382 736 2439; x_wconf 89' lang='lat' dir='ltr'>certis</span> <span class='ocrx_word' id='word_1_164' title='bbox 757 2392 785 2440; x_wconf 89' lang='lat' dir='ltr'>et</span> <span class='ocrx_word' id='word_1_165' title='bbox 804 2381 982 2440; x_wconf 88' lang='lat' dir='ltr'>evidentibus</span> <span class='ocrx_word' id='word_1_166' title='bbox 1007 2378 1118 2438; x_wconf 90' lang='lat' dir='ltr'>indiciis</span> <span class='ocrx_word' id='word_1_167' title='bbox 1135 2387 1254 2446; x_wconf 88' lang='lat' dir='ltr'>constet,</span> <span class='ocrx_word' id='word_1_168' title='bbox 1268 2377 1348 2438; x_wconf 86' lang='lat' dir='ltr'>illum</span> 
     </span>
     <span class='ocr_line' id='line_1_20' title="bbox 263 2477 1348 2558; baseline 0 -22"><span class='ocrx_word' id='word_1_169' title='bbox 263 2480 298 2537; x_wconf 84' lang='lat' dir='ltr'>ab</span> <span class='ocrx_word' id='word_1_170' title='bbox 311 2479 356 2538; x_wconf 87' lang='lat' dir='ltr'>his</span> <span class='ocrx_word' id='word_1_171' title='bbox 370 2479 569 2538; x_wconf 89' lang='lat' dir='ltr'>occasionibus</span> <span class='ocrx_word' id='word_1_172' title='bbox 583 2491 647 2538; x_wconf 85' lang='lat' dir='ltr'>esse</span> <span class='ocrx_word' id='word_1_173' title='bbox 667 2480 877 2558; x_wconf 80' lang='lat' dir='ltr'>segregatum.&#39;’</span> <span class='ocrx_word' id='word_1_174' title='bbox 918 2479 963 2538; x_wconf 89' lang='lat' dir='ltr'>Ita</span> <span class='ocrx_word' id='word_1_175' title='bbox 984 2480 1158 2556; x_wconf 82' lang='lat' dir='ltr'>praescripsit</span> <span class='ocrx_word' id='word_1_176' title='bbox 1178 2479 1210 2538; x_wconf 83' lang='lat' dir='ltr'>S.</span> <span class='ocrx_word' id='word_1_177' title='bbox 1226 2477 1348 2536; x_wconf 83' lang='lat' dir='ltr'>Carolus</span> 
     </span>
     <span class='ocr_line' id='line_1_21' title="bbox 262 2574 1347 2653; baseline 0.002 -16"><span class='ocrx_word' id='word_1_178' title='bbox 262 2574 470 2637; x_wconf 67' lang='grc' dir='ltr'>Βοποῐηεειιε.3</span> <span class='ocrx_word' id='word_1_179' title='bbox 521 2579 579 2636; x_wconf 85' lang='lat' dir='ltr'>Sed</span> <span class='ocrx_word' id='word_1_180' title='bbox 599 2598 652 2636; x_wconf 90' lang='lat' dir='ltr'>uec</span> <span class='ocrx_word' id='word_1_181' title='bbox 672 2581 756 2638; x_wconf 89' lang='lat' dir='ltr'>alicui</span> <span class='ocrx_word' id='word_1_182' title='bbox 776 2581 954 2653; x_wconf 83' lang='lat' dir='ltr'>frequentare</span> <span class='ocrx_word' id='word_1_183' title='bbox 975 2580 1020 2638; x_wconf 87' lang='lat' dir='ltr'>vel</span> <span class='ocrx_word' id='word_1_184' title='bbox 1039 2579 1160 2638; x_wconf 86' lang='lat' dir='ltr'>retinere</span> <span class='ocrx_word' id='word_1_185' title='bbox 1179 2578 1248 2638; x_wconf 86' lang='lat' dir='ltr'>licet</span> <span class='ocrx_word' id='word_1_186' title='bbox 1267 2597 1347 2639; x_wconf 79' lang='lat' dir='ltr'>occa·</span> 
     </span>
    </p>
   </div>
   <div class='ocr_carea' id='block_1_3' title="bbox 261 2677 1350 2845">
    <p class='ocr_par' dir='ltr' id='par_1_4' title="bbox 261 2677 1350 2845">
     <span class='ocr_line' id='line_1_22' title="bbox 262 2677 1350 2757; baseline 0.002 -25"><span class='ocrx_word' id='word_1_187' title='bbox 262 2678 357 2734; x_wconf 83' lang='lat' dir='ltr'>aiones</span> <span class='ocrx_word' id='word_1_188' title='bbox 372 2677 480 2750; x_wconf 87' lang='lat' dir='ltr'>peccati</span> <span class='ocrx_word' id='word_1_189' title='bbox 500 2693 565 2734; x_wconf 91' lang='lat' dir='ltr'>cum</span> <span class='ocrx_word' id='word_1_190' title='bbox 586 2677 705 2735; x_wconf 87' lang='lat' dir='ltr'>aliorum</span> <span class='ocrx_word' id='word_1_191' title='bbox 727 2679 871 2748; x_wconf 88' lang='lat' dir='ltr'>scandalo,</span> <span class='ocrx_word' id='word_1_192' title='bbox 893 2680 1024 2753; x_wconf 86' lang='lat' dir='ltr'>quamvis</span> <span class='ocrx_word' id='word_1_193' title='bbox 1049 2677 1187 2757; x_wconf 88' lang='lat' dir='ltr'>peccandi</span> <span class='ocrx_word' id='word_1_194' title='bbox 1201 2687 1350 2738; x_wconf 88' lang='lat' dir='ltr'>consuetu·</span> 
     </span>
     <span class='ocr_line' id='line_1_23' title="bbox 261 2768 581 2845; baseline 0 -15"><span class='ocrx_word' id='word_1_195' title='bbox 261 2773 357 2831; x_wconf 91' lang='lat' dir='ltr'>dinem</span> <span class='ocrx_word' id='word_1_196' title='bbox 371 2768 581 2845; x_wconf 82' lang='lat' dir='ltr'>dereliquerit.⁴</span> 
     </span>
    </p>
   </div>
   <div class='ocr_carea' id='block_1_4' title="bbox 505 3007 1110 3082">
    <p class='ocr_par' dir='ltr' id='par_1_5' title="bbox 505 3007 1110 3082">
     <span class='ocr_line' id='line_1_24' title="bbox 505 3007 1110 3082; baseline 0.005 -17"><span class='ocrx_word' id='word_1_197' title='bbox 505 3007 530 3082; x_wconf 90' lang='lat'>§.</span> <span class='ocrx_word' id='word_1_198' title='bbox 546 3007 601 3066; x_wconf 88' lang='lat'>111.</span> <span class='ocrx_word' id='word_1_199' title='bbox 643 3007 691 3067; x_wconf 83' lang='lat' dir='ltr'>Du</span> <span class='ocrx_word' id='word_1_200' title='bbox 706 3019 935 3070; x_wconf 76' lang='lat' dir='ltr'>consuerentur</span> <span class='ocrx_word' id='word_1_201' title='bbox 950 3029 1110 3070; x_wconf 74' lang='lat' dir='ltr'>succurant.</span> 
     </span>
    </p>
   </div>
   <div class='ocr_carea' id='block_1_5' title="bbox 258 3199 1350 4179">
    <p class='ocr_par' dir='ltr' id='par_1_6' title="bbox 258 3199 1350 4179">
     <span class='ocr_line' id='line_1_25' title="bbox 302 3199 1347 3282; baseline 0.005 -25"><span class='ocrx_word' id='word_1_202' title='bbox 302 3203 368 3258; x_wconf 84' lang='lat'>198.</span> <span class='ocrx_word' id='word_1_203' title='bbox 394 3199 663 3260; x_wconf 79' lang='lat' dir='ltr'>Consuetudinnrii</span> <span class='ocrx_word' id='word_1_204' title='bbox 677 3223 692 3260; x_wconf 89' lang='lat' dir='ltr'>a</span> <span class='ocrx_word' id='word_1_205' title='bbox 706 3202 847 3263; x_wconf 83' lang='lat' dir='ltr'>recidivis</span> <span class='ocrx_word' id='word_1_206' title='bbox 862 3205 890 3262; x_wconf 91' lang='lat' dir='ltr'>in</span> <span class='ocrx_word' id='word_1_207' title='bbox 903 3223 938 3263; x_wconf 88' lang='lat' dir='ltr'>eo</span> <span class='ocrx_word' id='word_1_208' title='bbox 952 3204 1118 3282; x_wconf 87' lang='lat' dir='ltr'>atheologis</span> <span class='ocrx_word' id='word_1_209' title='bbox 1127 3203 1347 3282; x_wconf 80' lang='lat' dir='ltr'>distinguuntur,</span> 
     </span>
     <span class='ocr_line' id='line_1_26' title="bbox 260 3299 1349 3380; baseline 0.004 -23"><span class='ocrx_word' id='word_1_210' title='bbox 260 3299 337 3373; x_wconf 88' lang='lat' dir='ltr'>quod</span> <span class='ocrx_word' id='word_1_211' title='bbox 358 3299 388 3357; x_wconf 91' lang='lat' dir='ltr'>hi</span> <span class='ocrx_word' id='word_1_212' title='bbox 410 3301 538 3360; x_wconf 90' lang='lat' dir='ltr'>dicantur</span> <span class='ocrx_word' id='word_1_213' title='bbox 564 3303 613 3375; x_wconf 89' lang='lat' dir='ltr'>qui</span> <span class='ocrx_word' id='word_1_214' title='bbox 636 3303 797 3361; x_wconf 86' lang='lat' dir='ltr'>confitendo</span> <span class='ocrx_word' id='word_1_215' title='bbox 817 3306 1012 3362; x_wconf 85' lang='lat' dir='ltr'>renuntiarunt</span> <span class='ocrx_word' id='word_1_216' title='bbox 1036 3314 1162 3380; x_wconf 86' lang='lat' dir='ltr'>peccato,</span> <span class='ocrx_word' id='word_1_217' title='bbox 1185 3314 1212 3362; x_wconf 88' lang='lat' dir='ltr'>et</span> <span class='ocrx_word' id='word_1_218' title='bbox 1231 3305 1261 3363; x_wconf 91' lang='lat' dir='ltr'>in</span> <span class='ocrx_word' id='word_1_219' title='bbox 1281 3303 1349 3363; x_wconf 90' lang='lat' dir='ltr'>illud</span> 
     </span>
     <span class='ocr_line' id='line_1_27' title="bbox 260 3397 1348 3479; baseline 0.004 -23"><span class='ocrx_word' id='word_1_220' title='bbox 260 3397 397 3476; x_wconf 85' lang='lat' dir='ltr'>deinceps</span> <span class='ocrx_word' id='word_1_221' title='bbox 410 3399 482 3477; x_wconf 88' lang='lat' dir='ltr'>lapsi</span> <span class='ocrx_word' id='word_1_222' title='bbox 495 3411 570 3470; x_wconf 88' lang='lat' dir='ltr'>sunt,</span> <span class='ocrx_word' id='word_1_223' title='bbox 586 3420 672 3474; x_wconf 90' lang='lat' dir='ltr'>quum</span> <span class='ocrx_word' id='word_1_224' title='bbox 688 3400 728 3461; x_wconf 88' lang='lat' dir='ltr'>illi</span> <span class='ocrx_word' id='word_1_225' title='bbox 746 3422 861 3479; x_wconf 87' lang='lat' dir='ltr'>pravam</span> <span class='ocrx_word' id='word_1_226' title='bbox 876 3403 989 3462; x_wconf 87' lang='lat' dir='ltr'>foveant</span> <span class='ocrx_word' id='word_1_227' title='bbox 1002 3403 1247 3472; x_wconf 89' lang='lat' dir='ltr'>consuetudinem,</span> <span class='ocrx_word' id='word_1_228' title='bbox 1263 3421 1348 3476; x_wconf 88' lang='lat' dir='ltr'>quam</span> 
     </span>
     <span class='ocr_line' id='line_1_28' title="bbox 260 3497 1350 3578; baseline 0.003 -23"><span class='ocrx_word' id='word_1_229' title='bbox 260 3509 359 3558; x_wconf 85' lang='lat' dir='ltr'>sancto</span> <span class='ocrx_word' id='word_1_230' title='bbox 373 3501 519 3576; x_wconf 85' lang='lat' dir='ltr'>proposito</span> <span class='ocrx_word' id='word_1_231' title='bbox 533 3511 561 3558; x_wconf 90' lang='lat' dir='ltr'>et</span> <span class='ocrx_word' id='word_1_232' title='bbox 586 3511 686 3559; x_wconf 88' lang='lat' dir='ltr'>conatu</span> <span class='ocrx_word' id='word_1_233' title='bbox 701 3500 735 3558; x_wconf 89' lang='lat' dir='ltr'>ad</span> <span class='ocrx_word' id='word_1_234' title='bbox 757 3503 842 3562; x_wconf 87' lang='lat' dir='ltr'>vitam</span> <span class='ocrx_word' id='word_1_235' title='bbox 864 3497 966 3560; x_wconf 88' lang='lat' dir='ltr'>novam</span> <span class='ocrx_word' id='word_1_236' title='bbox 988 3504 1140 3562; x_wconf 85' lang='lat' dir='ltr'>ineundam</span> <span class='ocrx_word' id='word_1_237' title='bbox 1161 3522 1218 3561; x_wconf 89' lang='lat' dir='ltr'>non</span> <span class='ocrx_word' id='word_1_238' title='bbox 1233 3503 1350 3578; x_wconf 89' lang='lat' dir='ltr'>abrupe-</span> 
     </span>
     <span class='ocr_line' id='line_1_29' title="bbox 259 3596 1346 3677; baseline 0.006 -24"><span class='ocrx_word' id='word_1_239' title='bbox 259 3605 332 3654; x_wconf 89' lang='lat' dir='ltr'>runt.</span> <span class='ocrx_word' id='word_1_240' title='bbox 387 3596 604 3656; x_wconf 72' lang='lat' dir='ltr'>consuetudine</span> <span class='ocrx_word' id='word_1_241' title='bbox 631 3601 753 3658; x_wconf 86' lang='lat' dir='ltr'>irretitos</span> <span class='ocrx_word' id='word_1_242' title='bbox 778 3619 842 3658; x_wconf 86' lang='lat' dir='ltr'>esse</span> <span class='ocrx_word' id='word_1_243' title='bbox 868 3603 1046 3661; x_wconf 85' lang='lat' dir='ltr'>absolutione</span> <span class='ocrx_word' id='word_1_244' title='bbox 1072 3601 1231 3668; x_wconf 88' lang='lat' dir='ltr'>donandos,</span> <span class='ocrx_word' id='word_1_245' title='bbox 1257 3620 1346 3677; x_wconf 89' lang='lat' dir='ltr'>quum</span> 
     </span>
     <span class='ocr_line' id='line_1_30' title="bbox 258 3695 1346 3780; baseline 0.006 -29"><span class='ocrx_word' id='word_1_246' title='bbox 258 3695 350 3771; x_wconf 88' lang='lat' dir='ltr'>prima</span> <span class='ocrx_word' id='word_1_247' title='bbox 370 3695 432 3752; x_wconf 89' lang='lat' dir='ltr'>vice</span> <span class='ocrx_word' id='word_1_248' title='bbox 452 3699 633 3765; x_wconf 78' lang='lat' dir='ltr'>accesserint,</span> <span class='ocrx_word' id='word_1_249' title='bbox 657 3697 741 3756; x_wconf 89' lang='lat' dir='ltr'>docet</span> <span class='ocrx_word' id='word_1_250' title='bbox 761 3699 793 3756; x_wconf 84' lang='lat' dir='ltr'>S.</span> <span class='ocrx_word' id='word_1_251' title='bbox 815 3699 982 3776; x_wconf 84' lang='lat' dir='ltr'>Alphonsus</span> <span class='ocrx_word' id='word_1_252' title='bbox 1002 3703 1037 3760; x_wconf 89' lang='lat' dir='ltr'>de</span> <span class='ocrx_word' id='word_1_253' title='bbox 1063 3697 1217 3780; x_wconf 81' lang='lat' dir='ltr'>Liguri03⁵</span> <span class='ocrx_word' id='word_1_254' title='bbox 1236 3701 1346 3775; x_wconf 88' lang='lat' dir='ltr'>quoties</span> 
     </span>
     <span class='ocr_line' id='line_1_31' title="bbox 259 3792 1347 3880; baseline 0.006 -29"><span class='ocrx_word' id='word_1_255' title='bbox 259 3792 367 3853; x_wconf 89' lang='lat' dir='ltr'>scilicet</span> <span class='ocrx_word' id='word_1_256' title='bbox 380 3794 467 3852; x_wconf 86' lang='lat' dir='ltr'>enimi</span> <span class='ocrx_word' id='word_1_257' title='bbox 481 3813 547 3852; x_wconf 87' lang='lat' dir='ltr'>vere</span> <span class='ocrx_word' id='word_1_258' title='bbox 561 3797 723 3872; x_wconf 73' lang='lat' dir='ltr'>poenitentis</span> <span class='ocrx_word' id='word_1_259' title='bbox 737 3798 874 3857; x_wconf 86' lang='lat' dir='ltr'>exhibent</span> <span class='ocrx_word' id='word_1_260' title='bbox 887 3813 1061 3877; x_wconf 86' lang='lat' dir='ltr'>argumenta,</span> <span class='ocrx_word' id='word_1_261' title='bbox 1077 3822 1140 3876; x_wconf 86' lang='lat' dir='ltr'>quae</span> <span class='ocrx_word' id='word_1_262' title='bbox 1156 3806 1192 3860; x_wconf 84' lang='lat' dir='ltr'>ex</span> <span class='ocrx_word' id='word_1_263' title='bbox 1206 3801 1347 3880; x_wconf 87' lang='lat' dir='ltr'>adjunctis</span> 
     </span>
     <span class='ocr_line' id='line_1_32' title="bbox 259 3895 1348 3973; baseline 0.006 -21"><span class='ocrx_word' id='word_1_264' title='bbox 259 3895 446 3973; x_wconf 84' lang='lat' dir='ltr'>colliguntur:</span> <span class='ocrx_word' id='word_1_265' title='bbox 469 3895 494 3952; x_wconf 88' lang='lat' dir='ltr'>si</span> <span class='ocrx_word' id='word_1_266' title='bbox 517 3895 593 3953; x_wconf 89' lang='lat' dir='ltr'>enirn</span> <span class='ocrx_word' id='word_1_267' title='bbox 615 3895 709 3958; x_wconf 85' lang='lat' dir='ltr'>subitd</span> <span class='ocrx_word' id='word_1_268' title='bbox 732 3899 797 3956; x_wconf 89' lang='lat' dir='ltr'>tacti</span> <span class='ocrx_word' id='word_1_269' title='bbox 820 3900 877 3958; x_wconf 88' lang='lat' dir='ltr'>sint</span> <span class='ocrx_word' id='word_1_270' title='bbox 896 3903 1071 3960; x_wconf 89' lang='lat' dir='ltr'>conscientia</span> <span class='ocrx_word' id='word_1_271' title='bbox 1093 3901 1281 3968; x_wconf 88' lang='lat' dir='ltr'>remordente,</span> <span class='ocrx_word' id='word_1_272' title='bbox 1302 3907 1348 3964; x_wconf 88' lang='lat' dir='ltr'>vel</span> 
     </span>
     <span class='ocr_line' id='line_1_33' title="bbox 258 3994 1346 4078; baseline 0.004 -26"><span class='ocrx_word' id='word_1_273' title='bbox 258 3994 329 4054; x_wconf 75' lang='lat' dir='ltr'>alias</span> <span class='ocrx_word' id='word_1_274' title='bbox 343 3995 377 4054; x_wconf 93' lang='lat' dir='ltr'>ad</span> <span class='ocrx_word' id='word_1_275' title='bbox 392 3995 518 4054; x_wconf 88' lang='lat' dir='ltr'>veirtutis</span> <span class='ocrx_word' id='word_1_276' title='bbox 532 3995 656 4055; x_wconf 88' lang='lat' dir='ltr'>studium</span> <span class='ocrx_word' id='word_1_277' title='bbox 671 3997 788 4066; x_wconf 88' lang='lat' dir='ltr'>incitati,</span> <span class='ocrx_word' id='word_1_278' title='bbox 802 3998 953 4078; x_wconf 90' lang='lat' dir='ltr'>adjuvandi</span> <span class='ocrx_word' id='word_1_279' title='bbox 974 4010 1040 4059; x_wconf 85' lang='lat' dir='ltr'>suut</span> <span class='ocrx_word' id='word_1_280' title='bbox 1059 4001 1228 4073; x_wconf 82' lang='lat' dir='ltr'>sacramenti</span> <span class='ocrx_word' id='word_1_281' title='bbox 1248 3999 1346 4077; x_wconf 85' lang='lat' dir='ltr'>gratia,</span> 
     </span>
     <span class='ocr_line' id='line_1_34' title="bbox 258 4095 1349 4179; baseline 0.006 -27"><span class='ocrx_word' id='word_1_282' title='bbox 258 4113 293 4152; x_wconf 87' lang='lat' dir='ltr'>ne</span> <span class='ocrx_word' id='word_1_283' title='bbox 308 4104 413 4173; x_wconf 85' lang='lat' dir='ltr'>aegroto</span> <span class='ocrx_word' id='word_1_284' title='bbox 426 4097 552 4154; x_wconf 88' lang='lat' dir='ltr'>sanitatis</span> <span class='ocrx_word' id='word_1_285' title='bbox 567 4095 695 4156; x_wconf 87' lang='lat' dir='ltr'>studioso</span> <span class='ocrx_word' id='word_1_286' title='bbox 709 4098 834 4158; x_wconf 86' lang='lat' dir='ltr'>remedia</span> <span class='ocrx_word' id='word_1_287' title='bbox 848 4100 980 4179; x_wconf 85' lang='lat' dir='ltr'>denegari</span> <span class='ocrx_word' id='word_1_288' title='bbox 995 4100 1151 4161; x_wconf 85' lang='lat' dir='ltr'>videantur.</span> <span class='ocrx_word' id='word_1_289' title='bbox 1194 4099 1267 4158; x_wconf 86' lang='lat' dir='ltr'>Haec</span> <span class='ocrx_word' id='word_1_290' title='bbox 1281 4117 1349 4159; x_wconf 89' lang='lat' dir='ltr'>con.</span> 
     </span>
    </p>
   </div>
   <div class='ocr_carea' id='block_1_6' title="bbox 326 4287 1266 4552">
    <p class='ocr_par' dir='ltr' id='par_1_7' title="bbox 326 4287 1266 4552">
     <span class='ocr_line' id='line_1_35' title="bbox 326 4287 1130 4388; baseline 0.006 -24"><span class='ocrx_word' id='word_1_291' title='bbox 326 4315 368 4380; x_wconf 87' lang='lat' dir='ltr'>(l)</span> <span class='ocrx_word' id='word_1_292' title='bbox 389 4313 466 4366; x_wconf 82' lang='lat' dir='ltr'>Cone.</span> <span class='ocrx_word' id='word_1_293' title='bbox 478 4315 531 4365; x_wconf 86' lang='lat' dir='ltr'>Lat.</span> <span class='ocrx_word' id='word_1_294' title='bbox 544 4318 568 4368; x_wconf 88' lang='lat' dir='ltr'>ii.</span> <span class='ocrx_word' id='word_1_295' title='bbox 581 4334 634 4369; x_wconf 84' lang='lat' dir='ltr'>can.</span> <span class='ocrx_word' id='word_1_296' title='bbox 646 4320 706 4370; x_wconf 87' lang='lat' dir='ltr'>xxii.</span> <span class='ocrx_word' id='word_1_297' title='bbox 719 4292 721 4296; x_wconf 15' lang='lat' dir='ltr'><em>V</em></span> <span class='ocrx_word' id='word_1_298' title='bbox 910 4322 952 4388; x_wconf 77' lang='lat'>(2)</span> <span class='ocrx_word' id='word_1_299' title='bbox 972 4319 1042 4371; x_wconf 66' lang='lat' dir='ltr'>Mart,</span> <span class='ocrx_word' id='word_1_300' title='bbox 1054 4287 1077 4370; x_wconf 61' lang='lat' dir='ltr'>v,</span> <span class='ocrx_word' id='word_1_301' title='bbox 1089 4323 1130 4370; x_wconf 81' lang='lat'>29.</span> 
     </span>
     <span class='ocr_line' id='line_1_36' title="bbox 329 4396 1266 4472; baseline 0.003 -30"><span class='ocrx_word' id='word_1_302' title='bbox 329 4397 371 4461; x_wconf 80' lang='grc'>(9)</span> <span class='ocrx_word' id='word_1_303' title='bbox 391 4396 450 4446; x_wconf 85' lang='lat' dir='ltr'>Inst</span> <span class='ocrx_word' id='word_1_304' title='bbox 463 4399 494 4448; x_wconf 86' lang='lat' dir='ltr'>ad</span> <span class='ocrx_word' id='word_1_305' title='bbox 506 4398 617 4451; x_wconf 79' lang='lat' dir='ltr'>Confess.</span> <span class='ocrx_word' id='word_1_306' title='bbox 916 4405 958 4472; x_wconf 79' lang='lat'>(4)</span> <span class='ocrx_word' id='word_1_307' title='bbox 978 4403 1004 4454; x_wconf 81' lang='lat' dir='ltr'>S.</span> <span class='ocrx_word' id='word_1_308' title='bbox 1016 4403 1091 4471; x_wconf 84' lang='lat' dir='ltr'>Alph,</span> <span class='ocrx_word' id='word_1_309' title='bbox 1102 4405 1118 4456; x_wconf 84' lang='lat' dir='ltr'>l,</span> <span class='ocrx_word' id='word_1_310' title='bbox 1130 4403 1266 4455; x_wconf 77' lang='lat' dir='ltr'>vi,11.452.</span> 
     </span>
     <span class='ocr_line' id='line_1_37' title="bbox 677 4487 917 4552; baseline 0.013 -17"><span class='ocrx_word' id='word_1_311' title='bbox 677 4488 718 4552; x_wconf 84' lang='lat'>(5)</span> <span class='ocrx_word' id='word_1_312' title='bbox 738 4487 768 4537; x_wconf 88' lang='lat' dir='ltr'>L.</span> <span class='ocrx_word' id='word_1_313' title='bbox 779 4488 811 4538; x_wconf 89' lang='lat' dir='ltr'>vi.</span> <span class='ocrx_word' id='word_1_314' title='bbox 822 4505 847 4538; x_wconf 89' lang='lat' dir='ltr'>n.</span> <span class='ocrx_word' id='word_1_315' title='bbox 858 4490 917 4538; x_wconf 79' lang='lat'><strong>459.</strong></span> 
     </span>
    </p>
   </div>
   <div class='ocr_carea' id='block_1_7' title="bbox 0 0 1576 5192">
    <p class='ocr_par' dir='ltr' id='par_1_8' title="bbox 0 0 1576 5192">
     <span class='ocr_line' id='line_1_38' title="bbox 0 0 1576 5192; baseline 0 0"><span class='ocrx_word' id='word_1_316' title='bbox 0 0 1576 5192; x_wconf 95' lang='lat' dir='ltr'> </span> 
     </span>
    </p>
   </div>
  </div>
 </body>
</html>
