3144 5192
252 586 311 642 272
627 575 769 636 CAPUT
789 575 972 638 UNIOUM.

252 747 321 808 dum
340 743 479 806 solemnis
498 742 531 802 tit
549 745 676 822 precatio
695 744 869 822 prelationis
889 743 1119 818 edictumque
1139 743 1272 802 manibus
1291 760 1343 801 ex·

252 845 340 906 tensis
363 845 504 903 recitatur.
547 843 693 916 Equidem
712 862 775 917 que
791 842 926 922 precedit
944 861 1080 904 manuum
1100 842 1258 920 impositio,
1272 841 1342 902 dum

251 945 384 1024 episcopi
397 943 513 1004 dicunt:
535 941 644 1023 Accipe
660 941 811 1021 Spiritum
827 941 992 1002 Sanctum:
1013 942 1050 1002 ad
1062 943 1209 1002 materiam
1223 941 1339 1020 propius
1381 973 1394 986 —

252 1043 387 1104 accedere
408 1041 535 1109 videtum
556 1042 607 1100 sed
632 1042 724 1101 obstat
749 1042 826 1117 quod
848 1043 877 1101 iu
897 1043 1020 1116 antiquis
1041 1041 1114 1101 desit
1133 1042 1289 1109 ritualibus,
1310 1049 1341 1097 et

253 1143 367 1206 nonnisi
379 1143 490 1202 sustulit
503 1139 605 1200 mediis
622 1139 736 1200 inducta
748 1140 867 1202 dicatur.
954 1207 957 1214 Δ

291 1248 320 1302 9.
342 1242 462 1308 Quoties
481 1238 608 1299 defectus
634 1241 787 1301 essentiam
811 1241 926 1319 respicit
944 1237 1123 1318 supplendus
1142 1249 1186 1298 cst
1206 1245 1339 1297 “statuto

252 1353 378 1416 ternpore
392 1338 427 1397 ad
447 1339 614 1416 hujusmodi
626 1341 741 1400 ordines
760 1339 948 1400 conferendos
961 1331 1005 1408 ;”¹
1027 1357 1111 1398 secus
1125 1340 1151 1398 si
1165 1337 1289 1397 desectus
1301 1337 1340 1394 sit

252 1437 444 1498 accidentalis.
498 1439 713 1500 “Probabiliter
731 1439 799 1500 verb
819 1439 888 1498 dicit
906 1439 1098 1497 Tamburini.
1115 1479 1122 1495 .
1139 1480 1146 1496 .
1161 1437 1239 1512 quod
1256 1437 1282 1494 si
1300 1435 1338 1494 ob

251 1538 344 1598 solum
365 1537 484 1598 dubium
504 1540 621 1598 iteretur
639 1539 710 1600 ordo
729 1540 782 1600 sub
801 1538 974 1606 conditione,
988 1536 1034 1597 vel
1054 1537 1226 1596 caeremonia
1244 1535 1337 1607 aliqua

251 1637 355 1714 poterit
379 1638 475 1696 iterari
501 1639 602 1711 quovis
628 1636 685 1706 die,
712 1646 741 1696 et
765 1658 782 1696 a
806 1639 909 1711 quovis
932 1637 1088 1714 epiecopo;
1108 1636 1266 1710 eodemque
1292 1632 1338 1691 die

250 1745 384 1814 poterunt
396 1737 483 1798 simul
490 1737 613 1795 conferri
622 1737 747 1806 ordines,
759 1746 815 1796 tam
825 1738 957 1815 majores,
967 1754 1053 1810 quam
1062 1737 1199 1805 minores,
1207 1733 1337 1794 adhibitis

252 1836 321 1896 solis
334 1836 561 1896 solemnitatibus
571 1836 754 1912 probabiliter
766 1836 934 1894 necessariis
947 1834 983 1894 ed
996 1830 1171 1894 valorem.”²

294 1940 342 1994 10.
366 1936 400 1995 Si
423 1936 487 2009 quis
511 1933 547 1992 ad
567 1936 776 2010 porrectionem
797 1934 893 1992 calicis
914 1953 979 1992 cum
994 1935 1074 2002 vino,
1096 1942 1125 1992 et
1146 1941 1255 2011 patenas
1274 1947 1340 1988 cunr

253 2035 357 2103 hostia,
384 2053 442 2094 non
468 2032 629 2102 accesserit,
656 2033 726 2092 durn
747 2034 897 2110 presbyter
919 2032 1007 2101 lieret,
1030 2034 1085 2092 erit
1106 2033 1159 2090 sub
1179 2030 1341 2091 conditione
1388 2041 1391 2046 '

253 2134 354 2191 iterum
368 2131 554 2198 ordinandus,
568 2149 605 2188 ex
620 2130 733 2190 decreto
753 2133 786 2189 S.
802 2130 1043 2209 Congregationis
1056 2131 1132 2209 apud
1152 2129 1337 2190 Benedictunr

252 2221 354 2288 XlV.³
394 2230 497 2288 Utrum
511 2229 698 2290 instrumenta
716 2231 779 2290 heac
792 2230 925 2310 physice,
940 2249 991 2289 eeu
1004 2248 1106 2307 reapse
1120 2231 1198 2307 tangi
1211 2227 1339 2293 debeant,
1378 2222 1381 2228 ’

252 2330 297 2388 vel
317 2329 441 2389 sufficiat
453 2338 598 2388 contactus
613 2349 698 2404 quern
712 2330 810 2390 dicunt
828 2331 977 2398 moralem,
991 2330 1103 2388 scilicet
1115 2347 1172 2402 quo
1185 2328 1262 2406 tangi
1276 2345 1339 2385 cen·

252 2439 348 2488 santur
361 2432 398 2489 ob
412 2430 661 2507 propinquitatem,
676 2432 892 2491 controvertitur
905 2430 977 2488 inter
991 2447 1040 2488 eos
1054 2430 1104 2501 qui
1117 2446 1216 2486 eorum
1230 2444 1340 2505 porrec-

253 2529 360 2588 tionem
370 2531 729 2588 restimantnecessariam:
746 2529 899 2589 curandum
912 2536 1005 2587 autem
1020 2530 1138 2588 omnino
1149 2535 1192 2586 est
1201 2536 1232 2585 ut
1241 2543 1340 2602 reapse

252 2636 411 2704 tangantur,
432 2645 485 2685 nec
505 2629 580 2685 enim
601 2626 668 2685 dum
690 2628 726 2686 de
745 2627 1031 2702 valore-sacramenti
1050 2629 1151 2704 agitur,
1166 2626 1341 2704 probabilem

252 2727 422 2784 sententiam
436 2725 519 2797 sequi
530 2725 605 2782 licet.
648 2725 785 2783 Peccaret
798 2727 883 2802 igitur
895 2727 1017 2802 graviter
1030 2727 1193 2804 episcopus,
1207 2725 1253 2784 vel
1267 2723 1341 2783 ordi·

252 2825 298 2882 nis
319 2829 477 2897 susceptor,
501 2822 551 2893 qui
576 2822 719 2881 incuriose
745 2841 777 2880 ee
804 2822 838 2881 de
862 2841 896 2881 ea
917 2843 948 2882 re
970 2834 1097 2903 gereret:
1119 2833 1149 2884 et
1168 2824 1203 2884 ad
1226 2841 1340 2884 omnem

251 2919 402 2980 tollendam
416 2919 619 2979 dubitationem
640 2922 826 2981 instrumenta
836 2922 973 2983 tradenda
984 2925 1078 2982 forent
1090 2926 1194 2984 iterum
1207 2925 1260 2982 sub
1273 2941 1339 2981 cou-

251 3019 369 3080 ditione.
412 3018 542 3081 Censent
557 3021 738 3098 probabiliter
757 3023 889 3082 nonnulli
909 3021 1079 3101 tangendam
1093 3041 1157 3082 esee
1177 3022 1340 3083 necessario

251 3129 399 3196 utramque
409 3122 545 3198 speciem,
555 3139 658 3198 panem
669 3122 941 3182 scilicetetvinum:
957 3121 1034 3196 quod
1045 3122 1080 3180 ad
1090 3141 1175 3182 omne
1186 3122 1339 3182 discrimen

251 3220 355 3280 valoris
376 3220 539 3280 evitandum
552 3221 723 3280 servandum
736 3230 788 3279 est.
821 3223 855 3280 Si
865 3222 959 3281 hostia
972 3231 1111 3300 tangatur,
1126 3231 1155 3280 et
1167 3241 1226 3282 non
1239 3231 1341 3299 patena

251 3319 555 3397 sufficitjuxtapluree,
565 3319 616 3378 sed
625 3339 713 3395 quum
725 3321 923 3382 anonnemine
933 3321 963 3381 in
973 3320 1092 3380 dubium
1103 3331 1227 3391 vocetur,
1237 3321 1341 3380 securi·

251 3419 301 3478 tati
315 3418 531 3479 consulendum.
574 3419 687 3478 Sufficit
701 3430 815 3498 tangere
829 3431 962 3499 patenam
977 3429 1006 3479 et
1018 3421 1147 3490 calicem,
1162 3422 1231 3494 quin
1244 3421 1340 3480 hostia

251 3526 396 3594 tangatrrr3
423 3518 474 3575 sed
496 3519 559 3577 haec
581 3537 696 3593 quoque
719 3520 860 3596 tangenda
880 3529 933 3588 est,
946 3528 978 3578 ut
994 3519 1090 3579 nullus
1112 3521 1150 3579 sit
1171 3520 1338 3579 dubitationi

250 3615 341 3672 locus.
391 3613 522 3675 Calicem
549 3619 599 3688 qui
626 3619 723 3694 tangit,
750 3627 892 3694 patenam,
914 3638 977 3693 quae
1000 3621 1027 3678 ei
1047 3621 1267 3697 superimposita
1286 3630 1338 3689 est,

251 3722 366 3788 tangere
380 3721 520 3771 censetur.
563 3713 620 3771 Sed
631 3715 787 3775 curandum
800 3727 831 3774 ut
846 3719 910 3794 ipsa
924 3731 1040 3792 quoque
1054 3728 1192 3796 tangatur.

547 3928 572 4004 §.
587 3929 627 3988 ΙΙ.
669 3928 717 3989 Du
732 3948 870 3992 oneruurr
883 3951 1036 3993 nmrsrno.

293 4098 340 4152 11.
362 4094 449 4153 Solus
464 4095 617 4172 episcopus
632 4106 676 4154 est
696 4097 827 4156 minister
839 4099 998 4159 ordinarius
1012 4097 1154 4168 ordinum,
1168 4100 1209 4158 uti
1222 4119 1260 4158 ex
1273 4118 1341 4160 corr·

250 4194 323 4252 ciliis
337 4193 503 4254 Florentino
517 4206 546 4256 et
558 4195 728 4257 Tridentino
742 4207 869 4258 constat:
885 4208 1007 4258 attamen
1020 4217 1058 4256 ex
1068 4200 1156 4277 Papae
1177 4201 1340 4260 auctoritate

319 4412 361 4477 (l)
382 4411 443 4476 Cap.
455 4413 588 4478 Presbyter,
599 4415 629 4466 de
639 4417 728 4468 eodem.
919 4420 961 4486 (2)
981 4419 1007 4469 S.
1020 4419 1094 4484 Alph.
1106 4420 1121 4468 l.
1134 4420 1166 4469 vi.
1176 4435 1201 4470 n.
1214 4421 1272 4469 759.

320 4497 363 4561 (3)
382 4494 411 4544 L.
423 4496 472 4546 viii·
483 4514 504 4547 c·
516 4514 541 4546 1·
551 4514 575 4548 n·
590 4502 629 4547 13·
921 4505 964 4570 (4)
985 4504 1011 4554 e.
1025 4504 1097 4568 Alph.
1107 4505 1122 4554 1.
1134 4505 1166 4554 vs
1177 4521 1203 4556 n.
1215 4507 1272 4554 rue.
