3172 5172
254 533 311 592 108
449 523 507 584 DE
528 520 640 582 Loco
662 521 708 582 IN
729 520 816 590 QUO
837 520 1138 588 CELEBRETUR.

251 703 342 761 antam,
356 690 403 749 vel
425 689 518 749 omnis
541 709 639 752 eorum
660 698 763 768 crusta,
787 696 836 748 aut
857 692 950 768 major
972 710 1038 768 pars
1061 693 1148 752 simul
1168 690 1341 754 auferatur2¹

251 809 334 855 secus
352 791 377 848 ai
390 789 537 867 paullatim
557 790 727 848 reficiantur.
769 790 803 849 Si
823 797 928 849 tectum
950 800 1070 860 corruat,
1095 811 1154 852 non
1174 793 1239 854 ideo
1260 813 1342 854 exse·

251 901 327 952 crata
340 899 472 948 censetur
484 889 622 948 ecclesia:
645 907 712 948 narn
726 889 848 966 parietes
869 891 1019 966 proecipuae
1031 902 1097 962 runt
1109 890 1223 952 oedificii
1235 903 1341 970 partes.

252 992 285 1050 Si
298 999 357 1050 tota
375 989 495 1048 ecclesia
515 1008 590 1049 nova
609 990 667 1057 fiat,
689 988 815 1064 partibus
835 1006 887 1066 per
900 997 1059 1066 temporum
1079 991 1224 1052 intervalla
1237 1005 1343 1052 restau-

251 1091 330 1159 ratis,
344 1107 402 1148 non
417 1088 517 1147 amittit
530 1088 790 1146 consecrationem:
813 1096 833 1123 “
843 1089 911 1161 quia
924 1106 1110 1162 quecumque
1124 1108 1189 1167 pars
1200 1091 1341 1150 accedens

252 1199 350 1250 manet
362 1196 538 1256 consecrata,
559 1205 624 1246 cum
645 1189 737 1266 magis
758 1185 878 1266 dignum
894 1188 985 1246 trahat
1004 1187 1040 1246 ad
1060 1207 1091 1248 se
1104 1189 1199 1250 minus
1212 1189 1341 1268 dignum.

251 1289 342 1362 quue
354 1286 484 1365 procedit
496 1287 609 1348 etiamsi
623 1285 697 1346 adsit
708 1288 821 1346 animus
832 1295 919 1346 totam
928 1287 1078 1348 ecclesiam
1091 1287 1265 1358 destruendi,
1281 1331 1289 1348 .
1305 1331 1313 1348 .
1330 1331 1337 1347 .

251 1388 318 1462 quia
330 1387 449 1446 intentio
462 1386 512 1445 illa
524 1405 583 1446 non
597 1386 689 1445 officit
701 1387 771 1460 quin
784 1388 961 1446 consecratio
974 1379 1158 1465 perduret-”²

300 1489 350 1546 94.
371 1485 506 1546 Ecclesia
527 1487 620 1563 pollui
635 1505 694 1551 non
713 1495 847 1547 censetur
872 1505 924 1564 per
948 1486 1165 1557 desolationem,
1185 1489 1341 1548 exercitum

250 1586 425 1654 haereticum,
449 1587 613 1663 spurcitiam
636 1587 795 1654 hominum,
808 1587 856 1646 rel
869 1587 1034 1648 animalium
1049 1588 1114 1646 istic
1127 1587 1340 1656 stabulatorum,

250 1695 304 1745 etc.
318 1687 371 1748 etsi
386 1685 485 1744 deceat
497 1694 526 1743 et
537 1687 635 1762 praxis
649 1686 760 1754 habeat,
773 1696 806 1747 ut
818 1705 871 1765 per
883 1687 1063 1764 episcopum,
1076 1687 1122 1746 vel
1135 1686 1235 1746 saltem
1249 1705 1341 1746 sacer·

251 1785 347 1846 dotem
369 1803 435 1846 cum
459 1783 556 1858 aliqua
580 1787 751 1844 ceremonia
773 1786 974 1847 reconcilietur
995 1797 1025 1845 et
1040 1786 1185 1848 abluatur:
1212 1786 1291 1861 quod
1311 1789 1341 1846 in

251 1884 339 1946 simili
350 1904 419 1962 ¹casu
433 1885 558 1962 intellige
568 1885 604 1944 de
618 1876 746 1943 altaripa
1151 1941 1152 1944 ,

291 1989 341 2044 95.
363 1985 460 2053 Quum
481 1974 527 2044 res
550 1984 639 2043 semel
659 1983 724 2043 Deo
744 1983 836 2042 dicata
858 2003 916 2043 non
937 1982 1038 2043 debeat
1056 1983 1092 2042 ad
1115 2002 1185 2042 usus
1206 1984 1341 2059 profanos

251 2082 387 2152 adhiberi,
408 2077 489 2143 vetus
511 2084 642 2150 ecclesia,
666 2085 823 2160 prasertim
843 2103 906 2158 quae
927 2083 1091 2142 solemniter
1110 2092 1272 2144 consecrata
1285 2093 1339 2151 ert,

250 2201 308 2242 non
329 2182 413 2242 debet
431 2182 466 2242 ad
486 2184 573 2242 aliurn
596 2201 680 2241 usum
701 2183 844 2242 converti:
866 2183 930 2261 ipsa
949 2183 1034 2241 etiam
1046 2182 1136 2261 ligna,
1149 2183 1175 2241 si
1188 2182 1281 2241 diruta
1294 2183 1340 2251 sit,

250 2300 309 2341 non
329 2292 396 2342 erint
420 2281 580 2352 vendenda,
600 2281 647 2340 vel
669 2282 705 2341 ad
727 2282 879 2360 profanum
899 2301 983 2342 usum
1008 2281 1179 2342 adhibenda.
1222 2282 1342 2360 “Ligna

162 2380 166 2384 ’
251 2382 380 2442 ecclesia
394 2381 531 2442 dedicatae
552 2400 610 2441 non
624 2382 729 2442 debant
751 2382 787 2443 ad
809 2381 884 2441 aliud
907 2399 980 2460 opus
1000 2383 1096 2461 jungi,
1120 2382 1177 2442 nisi
1200 2379 1234 2440 ad
1257 2381 1340 2440 aliam

251 2483 413 2551 ecclesiam,
435 2481 479 2555 vel
499 2483 561 2560 igni
584 2492 650 2542 sunt
668 2480 869 2549 comburenda,
893 2482 939 2540 vel
959 2480 994 2539 ad
1016 2482 1174 2558 profectum
1187 2483 1216 2541 in
1231 2500 1343 2540 monas·

250 2576 371 2641 terio.”⁴
391 2583 436 2640 De
449 2582 590 2658 lapidibus
601 2581 730 2640 ecclesiae
743 2579 927 2640 dirutae'idem
939 2590 1068 2639 asserunt
1081 2580 1220 2638 nonnulli.
1241 2579 1339 2647 Quum

250 2681 378 2739 ecclesiae
392 2681 534 2756 pleraeque
549 2678 624 2754 apud
639 2697 690 2737 nos
704 2680 762 2736 sint
775 2686 881 2736 tantum
894 2677 1060 2746 benedictae,
1073 2695 1132 2737 non
1145 2677 1256 2737 videtur
1264 2679 1339 2755 juris

250 2778 399 2854 dispositio
421 2795 468 2834 eas
488 2778 648 2854 respicere:
670 2786 792 2835 attamen
812 2795 871 2834 non
892 2776 1026 2836 convenit
1046 2795 1094 2834 eas
1115 2776 1211 2846 vendi,
1235 2777 1282 2835 vel
1303 2776 1339 2836 ad

249 2895 333 2936 usum
347 2875 471 2936 alienum
485 2877 627 2934 converti:
650 2875 726 2948 quod
741 2877 766 2934 si
779 2877 810 2934 in
829 2875 958 2936 scholam
979 2876 1148 2938 catholicam
1161 2885 1339 2936 convertatur

249 2985 330 3036 vetus
344 2977 474 3062 ecclesia,
489 2985 580 3034 erecta
591 2975 735 3054 ampliori,
749 2994 808 3034 non
822 2974 959 3036 audemus
974 2976 1004 3035 id
1015 2974 1160 3036 damnare.

421 3183 463 3248 (l)
484 3181 547 3230 Gan.
559 3196 602 3230 xx.
614 3179 644 3232 dc
652 3195 756 3232 consecr.
768 3179 822 3230 dist
834 3179 889 3246 Cap
901 3180 1007 3249 Ligario
1018 3181 1048 3231 de
1059 3191 1164 3232 consecr.

420 3268 464 3332 (2)
483 3265 510 3314 S.
522 3266 597 3330 Alph.
609 3266 625 3316 l.
637 3266 670 3315 vi.
680 3282 706 3316 n.
718 3268 776 3316 368.
979 3268 1022 3336 (3)
1041 3266 1141 3318 Ibidem.

420 3352 463 3417 (4)
483 3349 645 3416 erpingus,
657 3349 800 3404 dc'conaccr.
811 3350 865 3400 dist
878 3351 894 3400 i.
