3144 5192
480 511 537 572 DE
558 511 742 572 MUNERE
764 510 1053 571 OONFESSARII.
1254 519 1313 573 233

264 681 334 736 231.
357 676 499 736 Ceterum
513 676 680 755 plerumque
695 679 721 736 si
742 677 810 750 qnid
832 676 977 737 admiserit
992 676 1182 735 confessarius
1205 678 1235 735 in
1258 697 1312 738 suo

225 775 357 834 obeundo
371 795 496 846 munere,
510 777 559 836 vix
573 777 675 854 poterit
693 777 827 852 reparari,
842 776 898 834 nisi
911 777 1053 853 poenitens
1068 795 1099 833 se
1113 777 1216 836 iterum
1230 777 1312 836 sistat

221 874 419 949 judicandum,
433 895 498 934 nam
512 894 664 952 gravamen
678 873 820 948 quoddam
834 875 916 933 facile
930 875 1014 934 insert
1027 875 1126 953 petitio
1138 876 1261 934 lieentia
1274 877 1311 934 de

224 975 383 1048 rebusque
398 975 432 1033 ad
452 975 662 1034 consessionem
677 983 808 1051 spectant
820 973 1011 1047 colloquendi.
1053 974 1087 1032 In
1100 975 1164 1050 ipso
1178 976 1311 1034 tribunali
1347 1050 1350 1058 Ι

223 1069 291 1130 dum
306 1075 369 1146 quis
382 1091 507 1132 errorem
520 1073 662 1142 emendat,
678 1075 776 1146 quiex
792 1074 913 1132 consilio
932 1090 1112 1150 prepropere
1126 1072 1200 1144 dato,
1215 1073 1311 1133 velex

225 1171 379 1231 omissione
400 1174 525 1232 muneris
546 1173 717 1241 inculcandi,
738 1181 815 1230 ortus
836 1181 888 1241 est,
909 1180 989 1230 cante
1010 1181 1039 1229 et
1053 1171 1207 1247 prudenter
1230 1173 1312 1232 debet

223 1268 312 1342 loqui,
327 1290 363 1328 ne
384 1274 525 1347 poenitens
539 1290 570 1329 se
591 1272 657 1330 inde
677 1271 785 1347 gravari
804 1271 916 1338 sentiat,
931 1271 976 1328 vel
996 1269 1161 1329 scandalum
1181 1272 1310 1348 patiatur.

223 1367 256 1425 Si
276 1371 356 1446 gravi
369 1389 421 1427 sua
434 1371 519 1446 eulpa
538 1370 665 1428 omiserit
684 1368 890 1426 restitutionem
905 1370 1062 1447 injungere,
1076 1385 1128 1426 nec
1141 1371 1233 1429 valeat
1248 1371 1310 1446 jam

225 1483 288 1524 eam
302 1485 413 1544 urgere,
428 1487 485 1527 non
503 1468 614 1526 videtur
627 1468 715 1525 teneri
728 1466 764 1524 ad
784 1466 969 1542 reparandum
990 1467 1136 1536 damnum,
1151 1488 1238 1541 quum
1252 1487 1311 1527 non

226 1565 263 1621 sit
275 1565 377 1622 efficax
391 1566 453 1642 ejus
466 1585 562 1634 cansa,
576 1567 707 1639 quamvis
728 1585 780 1622 sna
802 1565 948 1642 diligentia
970 1566 1092 1623 cavisset
1109 1585 1144 1624 ne
1165 1569 1310 1626 continua·

225 1671 318 1721 retur:
340 1665 364 1722 si
390 1666 483 1740 possit
507 1665 598 1723 adhue
622 1683 738 1723 monere
764 1665 959 1739 poenitentem,
983 1681 1047 1722 cum
1072 1683 1123 1741 spe
1143 1665 1260 1734 fructus,
1284 1676 1311 1724 et

225 1761 332 1834 absque
352 1765 525 1840 gravamine,
539 1763 633 1832 debet,
648 1765 733 1820 etiam
744 1781 808 1821 cum
829 1781 933 1839 magno
946 1764 992 1820 sui
1011 1763 1212 1823 incommodo:
1241 1767 1309 1837 qnia

223 1859 344 1920 charitas
370 1862 476 1938 obligat
500 1861 536 1920 ad
561 1861 748 1938 reparandum
770 1879 855 1938 grave
875 1872 1077 1921 nocumentum
1098 1864 1233 1938 proximi.
1276 1864 1310 1921 Si

223 1960 345 2019 consilio
353 1962 484 2037 imperito
492 1961 864 2038 impedieritrestitutionem
873 1979 957 2033 quam
965 1961 1106 2037 poenitens
1115 1960 1309 2031 meditabatur,

223 2058 319 2134 plures
338 2070 432 2117 tenent
445 2061 648 2119 confessarium
663 2059 751 2118 teneri
765 2058 800 2116 ad
813 2059 1031 2128 restituendum,
1046 2078 1134 2132 quum
1148 2059 1309 2118 censendus

222 2158 260 2214 sit
271 2177 357 2216 carisa
370 2158 473 2216 efficax
488 2151 537 2217 cnr
549 2158 683 2217 damnum
698 2177 755 2216 non
777 2167 940 2235 reparetur:
962 2159 1051 2217 multo
1071 2160 1163 2236 magis
1176 2160 1200 2217 si
1221 2178 1309 2235 pravo

223 2255 251 2313 id
271 2255 368 2314 lecerit
387 2258 416 2314 in
436 2256 523 2314 alium
544 2259 651 2316 animo.
693 2256 726 2314 si
741 2257 860 2334 jusserit
879 2257 1085 2315 restitutionem
1106 2268 1221 2325 temere,
1242 2279 1308 2317 enm

224 2355 385 2429 poenitentis
399 2356 512 2432 injuria,
527 2365 571 2413 est
583 2355 734 2415 manifesto
744 2375 829 2413 cansa
837 2354 943 2424 damni,
955 2356 1032 2428 quod
1045 2350 1174 2430 reparare
1190 2357 1309 2431 proinde

224 2452 317 2510 debet.
359 2453 392 2510 Si
406 2454 565 2529 probaverit
576 2457 711 2514 rationem
732 2454 905 2532 negotiandi,
920 2455 965 2512 vel
979 2453 1116 2521 lucrandi,
1131 2472 1215 2527 quam
1230 2454 1309 2514 dam·

224 2561 292 2610 nant
305 2551 390 2629 vulgd
405 2552 541 2628 theologi,
555 2553 640 2612 debet
653 2572 776 2612 errorem
792 2555 943 2630 corrigere,
958 2563 986 2611 et
994 2553 1059 2630 jura
1073 2552 1140 2611 laesa
1154 2554 1309 2629 reparanda

220 2651 342 2710 docere:
365 2671 427 2724 quaa
442 2661 535 2710 tamen
549 2654 611 2729 ipse
625 2672 681 2711 non
696 2662 808 2711 tenetur
819 2654 963 2721 resarcire,
977 2653 1173 2712 nisiomnibns
1187 2671 1308 2730 perpen-

221 2752 270 2818 sis,
289 2753 367 2809 visus
389 2752 426 2809 sit
448 2752 632 2828 poenitentem
651 2752 798 2829 impulisse
817 2761 846 2810 et
862 2751 1065 2811 determinasse
1083 2750 1117 2809 ad
1139 2752 1307 2830 injustitiam

222 2850 396 2927 patrandam,
411 2861 440 2908 et
456 2850 530 2908 mala
544 2838 659 2923 quidem
673 2852 741 2920 fide,
755 2852 801 2909 vel
821 2862 925 2910 temere
946 2871 1081 2928 prorsus:
1104 2870 1216 2924 aequum
1229 2855 1307 2912 enim

221 2967 279 3007 non
299 2947 409 3006 videtur
422 2957 452 3006 nt
464 2957 590 3008 teneatur
603 2952 632 3008 in
647 2951 682 3009 iis
703 2969 766 3024 quae
786 2951 863 3010 bona
881 2950 947 3019 lide,
961 2951 1029 3010 licet
1048 2951 1189 3026 imperite,
1204 2954 1303 3027 egerit.

222 3045 280 3103 Sed
293 3047 433 3123 principia
448 3048 483 3106 de
497 3049 663 3108 consulente
676 3049 825 3108 recolenda
838 3041 930 3116 sunt,¹

260 3149 330 3203 232.
353 3145 535 3206 confessarii
550 3166 664 3218 munna,
683 3167 772 3221 quum
793 3147 907 3207 difficile
928 3149 965 3204 sit
985 3155 1012 3204 et
1033 3146 1150 3222 plenum
1174 3147 1305 3221 periculi,

222 3262 308 3302 nemo
321 3255 431 3304 tenetur
444 3247 613 3322 plerumque
633 3266 776 3316 exercere,
791 3249 841 3320 qui
857 3247 1013 3304 animarum
1028 3262 1124 3304 curam
1138 3263 1196 3302 non
1211 3263 1307 3304 susce·

219 3345 301 3420 perit.
345 3344 488 3404 Caeterum
508 3348 538 3404 in
564 3366 669 3425 magno
695 3346 822 3406 fidelium
843 3345 1007 3404 discrimine
1024 3361 1124 3402 omnes
1145 3343 1305 3403 sacerdotes

219 3453 347 3504 tenentur
358 3463 396 3502 ex
409 3444 542 3504 charitate
557 3447 718 3513 subvenire,
733 3447 758 3503 si
772 3447 927 3504 animarum
941 3452 1068 3520 pastores
1082 3463 1139 3501 non
1153 3444 1305 3510 sufficiant,

216 3543 262 3602 vel
270 3561 322 3602 suo
333 3545 444 3604 muneri
452 3544 563 3604 desint:
585 3554 613 3602 et
621 3545 705 3604 alicui
716 3544 886 3622 periclitanti
896 3542 1029 3602 sacerdos
1038 3543 1167 3616 quilibet,
1179 3543 1304 3619 parocho

217 3642 374 3713 deficiente,
389 3643 473 3704 debet
492 3663 668 3704 succurrere.
710 3644 857 3718 Equidem
876 3645 1004 3702 muneris
1028 3642 1113 3721 hujus
1135 3645 1304 3704 exercitium

215 3740 280 3800 Deo
294 3743 375 3802 valde
389 3754 498 3822 gratum
512 3753 565 3812 est,
576 3753 674 3820 utpote
682 3743 759 3816 quod
772 3763 889 3821 magnas
903 3742 1136 3824 pariatlfidelibus
1149 3745 1302 3803 utilitates:

216 3838 267 3896 sed
294 3842 445 3914 unicuique
472 3843 711 3904 considerandum
737 3844 807 3917 qnid
832 3844 888 3902 sibi
913 3843 1071 3902 conveniat.
1113 3842 1148 3900 In
1174 3845 1304 3902 omnium

217 3938 354 4014 periculo,
365 3950 445 4015 peste
456 3952 612 4019 grassante,
624 3942 670 4001 vel
684 3942 759 4002 bello
769 3944 946 4011 imminente,
955 3941 1037 4000 decet
1046 3959 1163 4017 operam
1172 3949 1304 4016 praestare

217 4044 362 4096 strenuam
382 4038 512 4099 fratribus
532 4041 746 4102 subveniendis.
789 4042 945 4109 Parochns,
967 4041 1012 4098 vel
1033 4040 1239 4112 missionarius,
1256 4039 1306 4110 qui

216 4133 360 4196 difficilem
375 4155 407 4196 se
420 4141 525 4216 praebet
537 4142 664 4202 confiteri
678 4141 847 4210 volentibus,
861 4141 944 4200 sacile
957 4147 1058 4217 peccat
1070 4138 1200 4214 graviter,
1215 4155 1304 4209 quum

216 4235 349 4296 omnibus
364 4237 418 4298 sibi
432 4240 594 4300 commissis
608 4241 673 4300 dare
685 4241 850 4300 occasiones
865 4260 916 4299 sna
935 4237 1069 4316 expiandi
1084 4245 1199 4312 peccata
1213 4246 1304 4295 tenea·

557 4444 600 4510 (l)
620 4443 682 4509 Cep.
693 4442 772 4493 ultim
782 4440 811 4491 de
823 4441 903 4510 injur.

728 4541 765 4596 21
777 4540 794 4574 ¹*
