3124 5168
530 594 534 604 ’
568 576 625 636 DE
646 575 932 636 ΙΝΤΕΝΤΙΟΝΕ.
1296 579 1315 635 9

224 763 256 802 se
276 744 378 804 nolens
392 743 565 803 sacrificium
579 743 730 813 conficere,
750 743 861 803 videtur
873 743 1001 820 pluribus
1014 741 1188 802 sacrificium
1202 742 1315 802 confici.

221 843 255 901 S.
271 845 399 904 Thomas
414 843 449 902 de
460 843 618 903 intentione
632 862 720 920 agens
734 842 819 902 dicit:
843 852 862 879 ⁸⁶
871 841 1023 902 Oiroahoc
1033 849 1077 900 est
1089 841 1197 919 duplex
1206 842 1315 918 opinio.
1329 903 1333 912 ,

221 942 344 1009 Quidam
358 944 437 1001 enim
450 942 559 1010 dicunt,
574 942 652 1015 quod
664 942 820 1016 requiritur
839 943 970 1000 mentalis
990 942 1110 1000 intentio
1122 942 1152 999 in
1165 943 1313 1001 ministro:

220 1059 282 1115 quae
300 1044 326 1101 si
344 1041 419 1100 desit
438 1061 497 1101 non
517 1041 663 1118 perficitur
683 1054 909 1101 sacramentum:
932 1082 940 1098 .
956 1083 964 1099 .
980 1082 988 1098 .
1004 1083 1012 1100 .
1027 1040 1075 1099 alii
1089 1041 1192 1099 melius
1205 1041 1312 1111 dicunt,

218 1141 297 1215 quod
310 1142 442 1201 minister
461 1142 633 1200 sacramenti
647 1143 705 1218 agit
717 1143 747 1200 iu
761 1160 884 1218 persona
898 1141 984 1200 totius
997 1137 1149 1208 Ecclesite,
1170 1142 1253 1219 cujus
1269 1151 1313 1200 est

218 1223 358 1299 minister.
399 1241 435 1298 Iu
454 1241 548 1299 verbis
569 1250 663 1298 autem
678 1259 740 1313 quae
761 1241 878 1318 profert,
899 1241 1069 1316 exprimitur
1080 1238 1199 1298 intentio
1211 1238 1314 1299 Eccle-

219 1340 280 1409 siae,
301 1358 365 1415 quae
385 1339 492 1398 sufficit
512 1339 547 1398 ad
567 1341 772 1417 perfectionem
795 1340 975 1408 sacramenti,
995 1339 1053 1397 nisi
1072 1340 1245 1398 contrarium
1262 1357 1313 1420 eng

218 1439 304 1497 terius
325 1440 503 1516 exprimatur
527 1447 606 1514 parte
631 1439 766 1506 ministri,
792 1437 837 1495 vel
863 1439 1028 1515 recipientis
1053 1433 1313 1498 sacramentum.”¹

219 1535 285 1595 Hac
298 1539 329 1596 in
341 1557 371 1596 re
384 1556 438 1596 nos
450 1538 557 1596 herere
571 1537 703 1596 fatemur:
718 1536 830 1614 pondus
851 1539 928 1597 enim
946 1538 1118 1596 auctoritatis
1138 1556 1173 1597 eo
1193 1537 1313 1597 inclinat

220 1646 253 1693 ut
265 1637 406 1694 internum
422 1637 511 1696 animi
523 1637 701 1714 propesitum
715 1639 909 1696 necessarium
920 1655 984 1696 esse
998 1637 1173 1706 sentiamus;
1194 1638 1312 1697 rationis

220 1733 288 1793 vcrd
315 1744 458 1794 momenta
484 1737 624 1794 contraria
649 1734 788 1795 videntur.
844 1737 1023 1796 Gravissime
1055 1745 1157 1812 peccat
1181 1737 1313 1796 minister

219 1835 331 1893 interno
344 1834 465 1894 consilio
485 1842 577 1896 actum
599 1837 644 1894 sui
665 1837 815 1895 ministerii
836 1837 966 1895 frustrari
985 1854 1134 1910 querens:
1156 1834 1235 1910 quod
1256 1837 1312 1895 “si

218 1941 328 1993 constet
340 1935 506 2012 quempiam
518 1943 566 1993 aut
578 1935 753 2012 baptismum
767 1936 936 2004 contulisse,
952 1945 1000 1994 aut
1012 1934 1090 1994 aliud
1103 1943 1313 1996 sacramentum

217 2051 255 2091 ex
268 2035 304 2092 iis
318 2051 381 2115 quae
401 2035 496 2093 iterari
515 2042 673 2108 nequeunt,
695 2035 921 2103 administrasse,
942 2035 1022 2094 omui
1043 2033 1171 2094 adhibito
1192 2045 1312 2095 externo

215 2133 280 2201 ritu,
301 2132 352 2191 sed
373 2135 530 2193 intentione
548 2143 665 2203 retenta,
690 2146 739 2192 aut
757 2154 823 2194 cum
847 2135 998 2194 deliberata
1011 2133 1156 2193 voluntate
1169 2153 1228 2194 uon
1241 2133 1310 2194 laci·

219 2230 286 2290 endi
308 2231 386 2305 quod
404 2233 472 2291 facit
491 2232 635 2301 Ecclesia,
656 2243 776 2310 urgente
797 2234 914 2307 quidem
940 2234 1120 2301 necessitate,
1141 2235 1195 2293 erit
1219 2253 1312 2292 secra·

216 2339 346 2390 mentum
359 2331 463 2390 iterum
477 2331 530 2387 sub
545 2331 708 2389 conditione
729 2332 951 2406 perficiendum
972 2333 998 2390 si
1021 2342 1115 2390 tamen
1135 2351 1182 2390 res
1201 2351 1312 2392 moram

217 2429 349 2507 patiatur,
365 2428 450 2487 Sedis
463 2395 798 2514 AposFlffiQm
814 2427 1137 2522 erEexquirendum.'’²

261 2532 308 2586 15.
330 2527 455 2586 Intentio
469 2528 518 2586 illa
530 2529 651 2596 interna,
666 2529 750 2604 cujus
763 2505 1197 2595 necessitaterffi'siiiavimus,
1211 2536 1256 2586 est
1267 2531 1313 2589 vel

216 2626 356 2696 actualis,
370 2627 416 2686 vel
430 2626 586 2687 virtualis.
628 2627 757 2687 Actualis
778 2626 881 2686 dicitur
903 2645 967 2700 que
987 2626 1067 2686 adest
1087 2628 1151 2704 ipso
1172 2630 1309 2706 temporis

216 2737 363 2788 momento
377 2745 434 2800 quo
448 2736 658 2787 sacramentum
679 2726 845 2796 conticitum
866 2727 993 2786 virtualis
1010 2726 1139 2796 habetur,
1154 2746 1229 2801 que,
1243 2728 1313 2788 licet

217 2836 281 2903 actu
299 2825 384 2894 desit,
406 2826 506 2885 adesse
527 2825 628 2888 meritd
649 2837 791 2893 censetur,
812 2847 901 2901 quum
923 2846 994 2886 mox
1014 2827 1203 2903 precesserit,
1226 2837 1256 2886 et
1277 2830 1310 2887 in

217 2925 320 2984 effectu
334 2944 398 2994 suo,
412 2927 458 2985 vel
471 2928 555 2986 rebus
569 2946 635 2985 cum
649 2944 683 2983 ea
695 2927 858 3003 conjunctis
871 2934 1046 3001 permaneat.
1075 2927 1126 2984 Sic
1139 2926 1189 2999 qui
1201 2925 1310 2986 hostias

218 3027 250 3085 in
263 3025 372 3084 ciborio
385 3035 452 3102 post
464 3026 581 3085 calicem
596 3025 694 3103 posuit
706 3022 829 3083 consilio
849 3043 898 3082 eas
915 3024 1112 3092 consecrandi,
1126 3042 1231 3096 easque
1244 3043 1311 3086 cum

216 3125 309 3185 hostia
322 3125 432 3195 obtulit,
447 3125 596 3185 virtualem
616 3123 806 3183 consecrandi
819 3141 867 3181 eas
881 3123 1069 3182 intentionem
1087 3121 1194 3180 habere
1214 3140 1312 3182 oense·

217 3235 273 3292 tur,
289 3225 356 3282 licet
374 3223 410 3281 dc
429 3224 464 3282 iis
485 3224 552 3284 dum
573 3232 721 3284 consecrat
739 3224 782 3282 nil
806 3223 921 3302 cogitet.
965 3221 1104 3281 Virtualis
1118 3219 1180 3280 hec
1192 3221 1311 3283 intentio

219 3321 335 3391 sufficit,
349 3341 416 3381 nam
430 3331 505 3380 tanta
524 3331 569 3380 est
587 3324 693 3382 mentis
706 3324 837 3381 humanae
854 3323 1003 3382 infirmitas
1017 3331 1049 3383 ut
1062 3322 1178 3381 scutulis
1191 3322 1310 3383 intentio

217 3423 268 3483 vix
289 3429 366 3480 certo
386 3420 487 3479 haberi
506 3421 613 3498 possit:
636 3433 810 3498 quapropter
830 3421 964 3481 Christus
987 3421 1065 3480 haud
1086 3421 1246 3479 censendus
1267 3431 1311 3481 est

217 3540 281 3582 eam
294 3521 438 3598 exegisse,
459 3539 496 3580 ne
515 3520 623 3579 incerta
642 3522 735 3580 forent
754 3531 783 3579 et
805 3523 884 3581 irrita
897 3540 1016 3580 munera
1029 3527 1106 3578 tanta
1118 3519 1245 3596 largitate
1258 3539 1312 3599 per

217 3629 396 3682 sacramenta
418 3619 613 3680 concedenda.
657 3620 835 3680 Hoditualis
855 3631 972 3680 vocatur
992 3641 1008 3678 a
1030 3620 1062 3679 S.
1085 3619 1205 3678 Thema
1227 3639 1314 3693 quam

218 3722 339 3781 dicimus
362 3720 523 3789 virtualem,
544 3720 674 3789 intentio,
702 3727 794 3791 “quae
814 3721 920 3778 sufficit
939 3720 974 3778 ad
996 3719 1199 3795 perfectionem
1220 3739 1311 3778 saera·

218 3823 324 3888 menti3
345 3827 414 3896 puta
434 3839 500 3880 cum
520 3818 655 3879 sacerdos
675 3819 785 3877 accedit
797 3818 833 3877 ad
844 3819 1060 3898 baptizandum,
1080 3818 1203 3878 intendit
1216 3818 1309 3878 iacere

215 3919 291 3977 circa
302 3918 503 3994 baptizandum
516 3919 594 3993 quod
606 3919 673 3978 facit
691 3919 834 3987 Ecclesia,
849 3919 925 3979 unde
946 3919 972 3978 si
992 3926 1093 3996 postea
1104 3921 1135 3978 in
1150 3919 1214 3994 ipso
1227 3935 1309 3974 exer·

219 4019 287 4078 citio
313 4026 391 4076 actus
416 4020 550 4096 cogitatio
569 4021 632 4098 ejus
658 4018 694 4077 ad
720 4017 774 4076 alia
796 4020 928 4097 rapiatur,
956 4036 994 4077 ex
1016 4018 1118 4075 virtuto
1140 4019 1240 4092 prime
1267 4015 1309 4073 in·

217 4117 351 4177 tentionis
361 4115 503 4194 perficitur
514 4109 772 4178 sacramentum.’'³
812 4119 999 4178 Recentiores
1012 4111 1310 4174 vocantinteutionem

217 4217 391 4280 habitualem
412 4235 475 4276 eam
494 4236 557 4292 que
570 4237 625 4278 nec
644 4226 719 4286 actu,
739 4235 794 4276 nec
807 4218 910 4276 virtute
924 4216 1053 4280 habetur,
1076 4209 1128 4268 sed
1140 4227 1179 4270 ex
1191 4228 1310 4274 consue·

453 4377 496 4443 (1)
515 4374 550 4427 iii.
559 4361 583 4441 p.
595 4393 636 4440 qu.
647 4377 706 4426 lxiv.
718 4381 754 4425 nrt
772 4374 822 4424 viii.
840 4374 871 4422 ud
882 4377 906 4420 2.

401 4501 402 4506 ,
456 4461 499 4528 (2)
518 4461 611 4511 Bened.
622 4461 693 4512 xiv.
704 4459 721 4508 t
732 4459 772 4508 vii.
783 4457 813 4508 de
825 4454 932 4525 synodo,
943 4469 965 4506 c.
974 4452 1006 4504 iv.
1019 4457 1042 4517 ς.
1053 4453 1088 4506 ix.

455 4547 499 4612 (3)
519 4544 553 4596 iii.
564 4560 589 4612 p.
600 4561 642 4612 qu.
652 4542 711 4596 lxiv.
723 4547 767 4594 ert.
778 4541 827 4596 viii.
838 4541 869 4593 sd
879 4543 903 4592 3.
