3144 5192
269 517 328 574 252
547 506 750 574 onNONEs
770 507 1081 568 POENITENTIAE.

270 679 357 739 tentia
375 675 560 754 quadraginta
582 675 643 734 dies
664 676 694 734 in
714 694 788 754 pane
813 686 841 734 et
866 693 939 750 aqua
958 695 1024 736 cum
1044 684 1154 753 septem
1175 677 1362 750 sequentibus

270 779 361 838 annis.

308 879 341 935 Si
355 875 419 950 quis
434 892 500 934 casu
515 875 700 936 homicidium
715 873 821 942 fecerit,
835 875 977 950 poenitens
991 875 1044 934 crit
1056 874 1241 952 quadraginta
1253 874 1316 933 dies
1331 876 1361 934 in

269 995 342 1056 pane
356 985 385 1034 et
399 993 488 1050 aqum
510 974 706 1049 quinquennio
720 971 932 1050 Cornmunione
942 975 1114 1051 privabitur;
1129 975 1227 1034 acibis
1238 975 1361 1033 abstine-

268 1079 309 1136 bit
321 1077 436 1135 arbitrio
451 1073 614 1133 sacerdotis.

309 1175 368 1244 Qui
381 1172 546 1240 homicidio,
561 1171 638 1245 quod
652 1179 751 1248 postea
764 1170 868 1231 iactum
889 1181 942 1241 est,
963 1173 1149 1242 consenserit,
1165 1173 1360 1250 poenitentiam

270 1285 333 1353 aget
346 1273 428 1332 annis
441 1280 570 1348 septem
585 1281 641 1329 tres
655 1271 685 1329 in
698 1289 771 1346 pane
787 1279 816 1328 et
828 1289 910 1344 aqua.

308 1374 341 1430 Si
354 1371 419 1444 quis
433 1370 559 1444 aliquem
573 1371 773 1439 vulneraverit,
788 1369 833 1428 vel
846 1371 873 1428 ei
887 1370 1003 1443 aliquod
1014 1371 1175 1430 membrum
1189 1370 1358 1448 praeciderit,

268 1471 465 1550 poenitentiam
486 1481 552 1550 aget
571 1489 629 1529 uno
649 1488 724 1528 anno
745 1487 795 1548 per
813 1469 956 1546 legitimas
969 1470 1074 1538 seriam
1095 1472 1120 1528 si
1134 1471 1250 1529 cicatrix
1264 1471 1358 1546 gravis

268 1584 321 1639 est,
337 1581 365 1629 et
380 1570 557 1629 vulneratum
571 1568 727 1628 deformem
748 1567 851 1637 reddit,
872 1567 1057 1647 quadraginta
1079 1570 1164 1628 etiem
1186 1569 1246 1628 dies
1267 1569 1358 1646 poeni-

268 1670 337 1730 tebit
349 1671 379 1728 in
394 1687 467 1745 pane
482 1679 510 1726 et
524 1687 607 1741 aqua.

308 1770 418 1844 Siquis
432 1769 520 1827 ictum
541 1767 673 1845 proximo
693 1766 811 1835 dederit,
832 1785 886 1824 uec
908 1769 1046 1837 nocuerit,
1069 1766 1153 1828 tridui
1166 1769 1359 1845 peonitentiam

270 1879 334 1948 aget
346 1871 375 1928 in
391 1885 464 1945 pane
478 1875 507 1924 et
521 1885 603 1940 aqua,
618 1854 750 1934 clericus,
764 1868 849 1925 unius
863 1867 929 1926 anni
943 1877 971 1924 et
984 1869 1124 1927 mensium
1139 1887 1202 1925 sex.

308 1969 341 2028 Si
356 1970 420 2042 quis
434 1969 557 2040 aliquem
572 1966 704 2043 perirem
719 1967 892 2042 percutiens,
913 1966 1110 2033 debilitaverit,
1131 1967 1225 2026 soluta
1237 1964 1357 2025 medica·

268 2070 358 2126 ruenti
371 2070 512 2144 impensa,
527 2068 552 2126 si
567 2066 656 2123 laicus
670 2074 723 2133 cst,
739 2066 879 2142 poenitens
899 2068 953 2124 erit
966 2066 1151 2144 quadraginta
1165 2066 1226 2124 dies
1240 2067 1269 2124 in
1282 2084 1357 2142 pane

270 2177 299 2224 et
322 2184 412 2238 equa;
440 2166 465 2222 si
490 2164 621 2232 eletione,
648 2162 718 2225 duae
745 2164 995 2242 quadragesimam
1022 2167 1048 2224 si
1073 2165 1222 2234 diaconus,
1248 2173 1356 2242 septem

267 2265 431 2333 mensibue3
447 2265 472 2322 si
485 2264 649 2340 Presbyter,
664 2283 721 2324 uno
735 2283 820 2324 anno.

308 2366 419 2438 Siquis
434 2365 512 2423 fratri
532 2383 594 2433 suo,
616 2383 702 2438 quem
728 2364 829 2433 oderit,
850 2364 1026 2423 reconciliari
1047 2383 1104 2424 non
1125 2365 1194 2433 vult,
1218 2362 1313 2423 tandiu
1327 2364 1357 2421 in

270 2486 343 2545 pane
357 2475 385 2524 et
398 2485 471 2538 aqua
484 2465 678 2542 poenitentiam
693 2475 756 2542 aget
770 2463 863 2537 quoad
876 2465 1085 2522 reconcilietur.

270 2681 406 2740 Oenones
420 2685 585 2756 spectantes
602 2684 843 2758 percuterentur
862 2687 983 2739 rectum
997 2679 1147 2758 Deculogi
1161 2685 1352 2759 preceptum.

308 2850 340 2907 Si
354 2849 442 2906 laicus
464 2849 574 2906 solutus
600 2867 666 2907 cum
687 2848 793 2907 femina
818 2849 909 2908 soluta
929 2850 1122 2919 concubuerit,
1146 2852 1285 2928 poenitens
1305 2849 1356 2906 erit

268 2967 356 3007 annos
371 2957 444 3015 treet
467 2947 496 3006 dc
510 2957 614 3020 quanto
628 2950 743 3027 eaepius,
759 2957 836 3007 tanto
851 2950 952 3027 majori
966 2951 1132 3027 poenitentia
1144 2949 1290 3009 afficietur.

308 3049 390 3108 Uxor
401 3048 462 3107 viro
475 3049 592 3107 conscio
606 3049 755 3116 moechata,
770 3069 805 3108 ne
820 3051 850 3107 in
863 3050 940 3108 obitu
954 3049 1069 3122 quidem
1084 3049 1354 3113 communicabitur;

267 3152 292 3208 si
317 3149 432 3226 dignam
452 3149 645 3224 poenitentiam
666 3150 766 3227 egerit,
794 3157 861 3226 post
879 3147 978 3207 decern
999 3167 1089 3208 annos
1108 3167 1217 3206 sacram
1231 3166 1356 3207 commu·

268 3251 383 3308 nionem
397 3257 500 3306 sumet.

306 3348 338 3404 Si
353 3348 417 3419 quis
430 3365 550 3406 uxorem
564 3347 707 3406 nolentem
728 3347 896 3406 adulterium
917 3357 1089 3424 perpetrare,
1111 3347 1245 3424 coegerit,
1266 3345 1354 3422 poeui·

267 3448 382 3505 tentiam
396 3455 461 3523 aget
479 3445 541 3502 dies
556 3446 740 3524 quadraginta
760 3449 790 3507 in
810 3467 884 3524 panc
898 3457 927 3504 et
940 3467 1024 3521 aqua,
1046 3456 1075 3505 ct
1094 3456 1207 3524 septem
1221 3455 1355 3523 praeterea

267 3565 367 3612 annos,
382 3563 397 3600 e
411 3545 514 3616 quibus
528 3563 618 3602 unum
631 3548 659 3603 in
674 3547 831 3621 paneitem
846 3556 875 3604 et
888 3565 972 3619 aqua.

306 3643 359 3697 Vir
371 3641 491 3706 solutus,
506 3643 529 3698 ei
544 3661 609 3700 curn
624 3644 736 3701 alterius
756 3662 846 3702 uxore
867 3644 1035 3704 adulterium
1058 3645 1243 3711 commiserit,
1265 3644 1356 3721 poeni·

266 3741 381 3799 tentiam
392 3750 455 3815 aget
468 3757 558 3797 annos
572 3749 693 3817 septem,
709 3743 810 3799 mulier
823 3743 960 3816 quinque.

306 3839 414 3900 Mulier
427 3839 519 3896 soluta
532 3858 598 3897 cum
612 3840 725 3898 alterius
746 3843 847 3900 marito
867 3842 1034 3902 adulterium
1048 3855 1173 3922 patrans,
1188 3837 1356 3921 poenitentia

266 3941 404 4000 afficietur
417 3939 576 3998 decennali.

305 4043 337 4100 si
357 4041 422 4114 quis
442 4041 559 4098 maritus
579 4040 669 4098 semel
690 4042 787 4118 lapsus
808 4052 860 4110 est,
884 4043 1079 4118 poenitentiam
1094 4052 1159 4121 aget
1171 4061 1260 4101 annos
1275 4043 1358 4114 quin·

266 4161 340 4215 que:
356 4142 381 4199 si
395 4142 500 4219 saepius
514 4141 671 4198 moechatus
695 4150 748 4210 est,
769 4143 799 4200 in
812 4143 869 4201 fine
884 4143 947 4200 vitae
961 4153 1005 4200 est
1017 4142 1232 4202 conveniendus
1245 4161 1252 4208 3
1274 4142 1357 4213 sique

266 4241 399 4318 promisit
412 4258 443 4298 se
457 4249 642 4307 cessaturum,
657 4241 769 4300 dabitur
782 4242 808 4299 ei
822 4241 999 4301 commuuio.

305 4338 338 4397 si
364 4340 430 4411 quis
457 4358 576 4398 uxorem
602 4340 688 4400 simul
714 4350 743 4400 et
767 4342 955 4400 concubinam
974 4341 1113 4411 habuerit,
1140 4341 1281 4417 poenitens
1301 4341 1357 4397 erit

266 4437 451 4514 quadraginta
464 4437 536 4496 dies.
