3108 5162
480 546 537 606 DE
560 546 736 606 NATURA
755 545 1031 606 MATRIMONII.
1241 540 1299 610 303

209 712 364 790 contigisse
376 713 461 771 refert
482 712 576 790 Lago,
591 721 726 791 regnante
748 713 866 772 Urbano
880 712 976 780 Vlll.,
991 713 1041 786 qui
1055 713 1127 770 inter
1146 717 1300 774 sententias

210 811 370 888 probabiles
385 811 579 888 theologorum
592 831 664 886 quos
675 813 829 881 consuluit,
838 831 886 872 eas
898 829 960 884 quae
975 810 1055 872 Indis
1068 812 1159 888 magis
1173 812 1299 873 faverent

209 921 371 970 secuturum
386 929 417 968 se
437 903 600 980 declararit,
614 923 646 970 ut
658 913 693 970 iis
713 912 764 984 qui
777 913 806 971 in
826 912 990 990 regionibus
1011 911 1191 984 Paraquariae
1204 931 1298 972 versa-

209 1009 309 1068 bantur
321 1011 356 1069 de
370 1011 558 1070 matrimoniis
571 1011 601 1069 in
614 1010 778 1072 infidelitate
792 1011 943 1074 contractis
957 1005 1148 1069 consuleret.¹

248 1115 296 1168 52.
319 1110 441 1177 Quando
474 1110 592 1169 dubium
619 1120 663 1168 est
684 1109 819 1191 factum,
847 1111 918 1169 adeo
944 1119 975 1167 ut
1000 1110 1144 1186 probabile
1168 1111 1206 1167 sit
1237 1129 1298 1170 rem

206 1210 336 1267 evenisse
350 1210 396 1267 cui
410 1210 568 1268 adnectitur
581 1209 827 1287 impedimentum,
838 1221 866 1268 et
875 1229 890 1268 e
900 1218 996 1267 contra
1011 1209 1157 1286 probabile
1171 1209 1299 1269 videatur

206 1324 270 1366 eam
283 1327 341 1367 non
355 1310 498 1376 evenisse,
512 1318 579 1366 tuno
593 1309 727 1368 Ecclesia
739 1328 797 1368 non
812 1318 905 1386 potest
918 1310 1029 1368 censeri
1049 1307 1296 1385 impedimentum,

206 1407 232 1464 si
246 1407 317 1465 forte
332 1406 415 1474 adsit,
436 1409 544 1473 tollere,
559 1409 626 1480 quia
646 1408 775 1484 plerique
796 1390 925 1466 doctores
947 1427 1004 1466 non
1024 1407 1165 1467 affirmant
1184 1408 1298 1466 hancei

207 1523 272 1563 esse
292 1515 435 1573 mentem
455 1517 489 1564 et
508 1507 629 1583 proinde
649 1526 706 1566 non
726 1507 802 1575 licet,
824 1507 995 1565 dubitatione
1021 1516 1161 1575 manente,
1183 1509 1297 1583 nuptias

206 1605 393 1664 contrahere:
415 1625 481 1664 nam
501 1608 672 1665 sacramenti
686 1606 765 1664 valor
778 1617 854 1664 esset
867 1605 980 1664 dubius.
1022 1606 1153 1664 Attamen
1168 1618 1234 1665 sunt
1247 1608 1296 1678 qui

206 1703 306 1763 dicunt
318 1705 546 1782 propositionem
561 1724 623 1778 quae
638 1705 758 1763 vetatuti
772 1705 907 1782 opinione
921 1705 1061 1782 probabili
1075 1706 1105 1762 in
1118 1704 1294 1764 administra·

206 1804 284 1862 tione
293 1813 532 1862 sacramentorum
547 1804 707 1862 damnatam
722 1823 786 1862 esse
796 1805 950 1880 praesertim
966 1805 1001 1862 ob
1015 1805 1146 1882 injuriam
1157 1806 1296 1881 recipien-

206 1903 281 1960 tibus
295 1903 483 1970 inserendam,
496 1903 667 1962 incertaillis
681 1903 890 1981 suppeditando
903 1902 1047 1962 subsidia:
1070 1904 1119 1976 qni
1133 1903 1240 1962 ideireo
1254 1903 1295 1961 di·

205 2011 271 2060 ouut
283 2003 313 2060 in
326 2002 381 2060 hac
393 2021 487 2060 rerum
501 2002 665 2062 conditione
678 2003 764 2060 licere
784 2002 923 2079 probabili
936 2003 1071 2079 opinione
1082 2001 1118 2059 de
1132 2003 1206 2060 facto
1219 2001 1294 2059 haud

204 2101 433 2170 subsistenteuti,
443 2111 473 2158 ut
483 2102 817 2161 consulaturutilitatibus
826 2099 1008 2178 suscipientis
1017 2103 1296 2174 sacramentum,qui

204 2209 299 2258 tamen
312 2195 472 2260 monendus
486 2212 539 2270 est,
551 2221 587 2259 ne
601 2202 816 2261 incommodum
825 2201 891 2260 inde
905 2203 1034 2278 patiatur.
1058 2201 1213 2267 “Quodsi
1229 2198 1293 2258 verb

205 2295 325 2376 (addunt
337 2299 468 2358 Sanchez
483 2309 511 2358 et
531 2297 675 2380 Cardena)
690 2301 719 2359 in
740 2301 786 2359 tali
801 2301 888 2359 dubio
909 2301 1092 2375 praesumptio
1110 2309 1225 2378 urgeret
1241 2317 1295 2376 pro

204 2396 422 2473 impedimento,
437 2411 466 2456 et
475 2399 551 2456 nulla
564 2410 641 2458 esset
652 2401 838 2477 praesumptio
852 2418 904 2476 pro
918 2399 996 2460 illius
1010 2399 1144 2466 carentia,
1157 2418 1194 2456 v:
1216 2417 1253 2475 g:
1269 2399 1295 2456 si

204 2496 247 2553 vir
260 2477 370 2566 coierit,
385 2506 413 2554 et
426 2508 525 2574 postca
538 2497 649 2557 dubitet
661 2518 697 2571 an
711 2499 868 2566 seminarit,
879 2498 925 2555 vel
935 2517 970 2555 an
984 2497 1056 2556 intra
1069 2515 1129 2566 vas,
1145 2505 1192 2555 aut
1204 2505 1294 2564 extra,

203 2605 270 2676 tunc
284 2598 469 2674 presumptio
481 2608 542 2655 orta
555 2617 591 2656 ex
605 2599 795 2658 communiter
807 2598 1038 2675 contingentibus
1052 2607 1096 2654 est
1108 2613 1160 2674 pro
1174 2593 1294 2672 impedi·

202 2703 308 2764 mento,
330 2705 358 2754 et
378 2696 590 2776 impediendum
611 2708 655 2754 est
674 2698 895 2756 matrimonium.
938 2697 1029 2754 Secue
1050 2705 1154 2763 autem,
1175 2697 1201 2754 si
1221 2694 1294 2752 adsit

202 2796 388 2879 presumptio
410 2798 441 2854 in
460 2797 644 2863 contrarium,
667 2805 698 2854 ut
718 2799 742 2854 si
763 2798 806 2854 vir
825 2797 1008 2854 seminaverit
1027 2814 1118 2872 prope
1137 2812 1205 2864 ras3
1225 2803 1293 2853 tunc

92 2957 94 2962 ,
201 2893 279 2952 enim
294 2892 338 2972 (ut
351 2895 390 2950 ait
402 2891 547 2972 Sancbezl
563 2895 664 2971 procul
678 2895 765 2953 dubio
778 2897 884 2971 nuptiae
898 2893 1027 2953 contrahi
1041 2889 1214 2970 possunt.”²

244 2994 295 3049 53.
316 2991 351 3049 In
371 2992 582 3069 impedimentis
603 2992 696 3052 dubiis
711 3013 773 3067 quae
789 2995 864 3072 juria
878 3003 944 3052 suut
963 2993 1148 3052 ecclesiastici
1162 2994 1293 3070 episcopi

203 3098 355 3149 censentur
367 3092 548 3165 probabiliter
563 3110 649 3168 posse
662 3092 838 3170 dispensare,
860 3093 927 3165 quia
948 3091 1085 3150 Pontifex
1105 3110 1163 3150 non
1182 3090 1292 3148 videtur

202 3188 327 3249 voluisse
341 3190 395 3248 sibi
411 3209 554 3249 reservare
572 3187 628 3250 nisi
651 3202 741 3251 certos
761 3211 854 3260 casus,
872 3202 901 3250 et
918 3189 1102 3268 dispensandi
1123 3189 1287 3256 necessitas,

202 3298 301 3365 utpote
314 3288 424 3358 odiosa,
438 3300 482 3348 est
494 3291 697 3368 restringenda.

241 3391 291 3446 et.
312 3389 434 3455 Quando
448 3398 513 3466 post
525 3398 698 3449 contractum
710 3392 923 3450 matrimonium
935 3390 1024 3448 oritur
1032 3387 1168 3447 dubitatio
1180 3387 1215 3445 de
1227 3388 1290 3464 ejus

201 3489 309 3555 valore,
318 3487 464 3564 diligentia
478 3489 639 3548 adhibenda
652 3500 695 3564 est
707 3501 739 3548 ut
751 3493 791 3549 rei
806 3490 908 3548 veritas
920 3490 1094 3556 innotescam
1116 3486 1165 3544 sed
1179 3486 1291 3546 interim

201 3589 309 3666 conjux
322 3587 454 3647 dubitans
468 3590 575 3665 petenti
589 3589 707 3648 reddere
726 3587 818 3659 debet,
828 3607 863 3648 ne
873 3591 939 3667 jure
953 3588 1030 3662 quod
1043 3587 1172 3664 possidet
1185 3597 1290 3645 temere

201 3705 266 3745 eum
280 3689 381 3764 privet.
424 3689 458 3747 Si
471 3707 501 3747 re
514 3690 693 3766 investigata,
707 3689 825 3748 dubium
840 3707 897 3754 non
910 3697 1070 3758 evanescat,
1085 3689 1181 3766 plures
1195 3684 1292 3746 dicunt
1363 3669 1370 3678 ’

200 3784 286 3845 licere
300 3796 359 3846 tum
380 3797 486 3865 petere,
502 3799 562 3847 tum
582 3788 711 3855 reddere,
726 3805 792 3847 nam
808 3790 874 3866 jure
888 3807 925 3848 ex
946 3789 1126 3848 matrimonio
1146 3785 1290 3846 bonafide
1309 3781 1313 3786 ’

200 3883 271 3941 inito
285 3885 438 3960 privandus
452 3897 575 3955 nonest,
588 3888 782 3960 absquecerta
796 3892 969 3946 auctoritate.
1001 3887 1146 3959 Equidem
1162 3885 1290 3943 dubitan-

202 3980 277 4040 tibus
290 3981 325 4039 de
339 3983 505 4058 impotentia
522 3988 607 4046 trium
621 4005 759 4045 annorum
780 3988 955 4064 experientia
968 3987 1073 4044 aulure
1093 3981 1257 4043 conceditur
1268 3975 1291 4038 :³

200 4079 284 4156 eujus
294 4081 416 4139 reiratio
429 4100 469 4170 ex.
479 4085 663 4160 possessione
676 4086 849 4144 matrimonii
863 4084 973 4143 videtur
987 4085 1155 4159 desumpta;
1170 4080 1290 4138 habetur

199 4177 311 4238 scilicet
330 4178 456 4241 validum
475 4181 567 4242 douae
586 4184 758 4244 contrarium
777 4184 861 4264 plane
876 4185 915 4244 sit
933 4182 1123 4262 exploratum.
1166 4179 1199 4238 Si
1218 4180 1289 4238 ratio

404 4416 447 4482 (¹)
467 4414 498 4468 L·
509 4415 577 4466 vta
589 4419 647 4467 ⁹02·
926 4417 969 4484 (a)
988 4415 1089 4468 urbm.

399 4501 442 4569 (³)
462 4498 671 4566 omniorum,
682 4501 827 4574 osagen
838 4507 862 4583 er
873 4500 978 4570 maeste
