3108 5162
271 547 330 606 att
467 538 525 602 DE
546 537 866 600 lMPEDIMENTIS
886 535 1160 598 MATRIMONII.

269 709 380 776 morbo,
404 705 550 784 naufragio
562 705 741 774 imminente,
762 702 809 764 vel
830 721 915 764 caum
934 703 989 762 alia
1008 703 1127 762 naturali
1146 701 1236 761 oritur
1256 708 1377 766 metus,

269 807 378 867 adsim
391 804 495 864 illatam
517 805 617 864 referri
638 805 746 878 nequit,
770 801 892 876 ideoque
912 822 971 862 non
993 802 1113 880 impedit
1134 800 1377 860 matrimonium.

268 905 484 966 Matrimonium
517 922 555 964 ex
588 913 666 964 metu
705 903 784 981 gravi
823 903 931 979 injuste
969 902 1049 960 illato
1081 901 1200 965 irritum,
1235 898 1378 957 validum

268 1003 300 1064 fa
320 1005 345 1060 si
368 1020 433 1079 pars
453 1011 561 1062 matum
582 1021 666 1080 passa
688 1001 804 1060 conscia
823 1001 946 1076 priorem
969 1017 1141 1058 consensum
1160 997 1237 1056 nihil
1257 996 1378 1062 valere,

268 1102 359 1162 libere
380 1100 516 1176 deinceps
536 1101 695 1158 consentiat
714 1101 744 1157 in
765 1099 908 1172 copulam,
929 1097 1031 1156 affectu
1052 1097 1205 1168 animoque
1228 1095 1377 1159 maritali,

269 1219 337 1262 nam
357 1215 515 1258 consensus
536 1197 587 1269 qui
608 1197 705 1254 deerat
724 1198 766 1255 sio
787 1195 952 1272 suppletur:
974 1203 1146 1271 quapropter
1167 1193 1287 1252 “invita
1303 1193 1377 1250 des·

269 1307 397 1376 pensata,
411 1303 512 1372 sponte
526 1295 649 1372 cognita,
662 1303 761 1353 contra
772 1294 989 1353 matrimonium
1003 1312 1062 1352 non
1076 1287 1236 1350 auditur.''1
1268 1291 1377 1350 Secus

269 1398 294 1455 si
308 1411 467 1454 consensus
490 1393 520 1452 in
540 1393 671 1469 copulam
692 1400 769 1452 rnatu
790 1400 1000 1465 extorqueatur,
1024 1392 1071 1450 vcl
1084 1391 1190 1450 oriatur
1202 1409 1240 1448 ex
1252 1407 1373 1456 errore,

269 1492 346 1568 quod
372 1492 483 1552 scilieet
515 1492 660 1551 existimet
684 1508 857 1550 consensum
885 1492 946 1568 jam
973 1491 1071 1549 datum
1092 1491 1120 1547 in
1147 1489 1373 1548 matrimonium

268 1586 389 1651 valere.¹
429 1590 578 1650 Habitatio
591 1592 676 1650 etiam
697 1598 866 1668 spontanea,
881 1591 990 1662 absque
1010 1589 1123 1664 copula,
1143 1587 1279 1645 indicium
1292 1605 1372 1662 pos-

270 1690 381 1750 terioris
394 1707 551 1748 consensus
573 1684 725 1747 habetare*⁸
745 1687 981 1762 quandocumque
1002 1688 1086 1763 copia
1110 1687 1162 1746 suit
1181 1684 1325 1760 fugiendi,
1342 1695 1373 1742 et

269 1788 383 1848 conscia
395 1787 448 1845 init
460 1806 491 1846 se
505 1787 624 1846 liberam
638 1805 702 1845 esse
717 1807 733 1844 a
746 1786 860 1846 viuculo
874 1785 1055 1844 matrimonii.
1098 1784 1238 1842 Caeterum
1253 1785 1284 1842 in
1296 1783 1369 1842 foro

270 1886 453 1946 conscientie
476 1886 565 1945 animi
585 1884 735 1962 dispositio
761 1894 790 1944 et
809 1884 962 1944 consilium
988 1882 1173 1960 spectandum
1200 1891 1261 1939 est:
1295 1901 1368 1954 quac

270 1986 347 2044 enim
362 1985 488 2062 perrexit
501 1983 529 2042 in
543 1984 630 2044 domo
643 1982 742 2042 eadem
756 2002 821 2042 cum
837 1983 898 2042 viro
908 1984 1022 2050 morari,
1036 1981 1144 2054 absque
1157 1982 1253 2039 animo
1267 1981 1368 2038 matri-

270 2085 399 2142 monium
414 2093 505 2148 ratum
518 2081 650 2149 faciendi,
665 2081 717 2140 sed
730 2100 782 2140 ιιιο
796 2080 871 2156 apud
884 2091 999 2140 exteros
1009 2081 1160 2139 consulens
1174 2079 1287 2145 honori,
1301 2080 1367 2136 vim

270 2180 427 2239 consensui
441 2179 528 2254 priori
542 2198 599 2237 non
614 2180 718 2238 tribuit.
761 2179 892 2237 Necesse
913 2189 957 2236 est
978 2180 1063 2236 etiarn
1083 2187 1114 2235 ut
1133 2178 1279 2249 utriusque
1293 2195 1368 2234 cou-

270 2295 371 2337 sensus
384 2277 470 2336 simul
483 2276 637 2345 habeaturr
656 2279 682 2336 si
701 2278 779 2336 enim
800 2279 850 2351 qui
870 2288 978 2336 metum
991 2277 1123 2344 incussit,
1133 2277 1193 2353 jam
1207 2275 1279 2334 nolit
1291 2294 1364 2332 con·

270 2377 385 2444 sentire,
399 2375 508 2434 nullum
530 2377 583 2434 erit
603 2377 829 2436 matrimonium:
851 2377 914 2452 ipsc
937 2384 1030 2434 tamen
1051 2384 1160 2432 tenetur
1180 2375 1362 2432 consentire:

270 2494 323 2536 neo
344 2476 420 2533 enim
444 2475 498 2532 alia
523 2485 657 2551 superest
675 2477 746 2534 ratio
767 2495 823 2548 qua
843 2475 975 2552 injuriam
996 2483 1116 2549 reparet,
1138 2474 1163 2530 si
1185 2473 1247 2548 ipsa
1267 2472 1362 2529 libere
1413 2492 1417 2500 ·

272 2575 348 2633 velit.

313 2675 380 2729 165.
405 2668 486 2728 Ordo
512 2687 595 2728 socer
616 2669 784 2748 impeditae
805 2671 898 2730 valeat
919 2670 1129 2728 matrimonium
1144 2667 1360 2736 asubdiacono,

271 2769 316 2826 vel
330 2767 385 2826 alio
400 2768 555 2842 superioris
569 2768 671 2842 gradus
686 2777 868 2835 attentatum
883 2770 937 2826 hos
951 2770 1027 2826 euim
1042 2784 1141 2827 omnes
1151 2767 1226 2825 haud
1240 2764 1363 2824 idoneos

270 2864 450 2924 matrimonio
464 2863 589 2920 ineundo
603 2863 755 2922 declaravit
767 2864 911 2933 Ecclesia,
926 2876 955 2924 et
974 2867 1083 2924 irritum
1097 2883 1214 2940 prorsus
1234 2864 1360 2922 decrevit

269 2980 333 3022 esse
354 2970 548 3030 contractum;
569 2961 624 3020 hac
645 2961 709 3040 lege
736 2963 884 3039 pristinam
911 2965 1054 3022 caelibatus
1081 2964 1154 3020 sacri
1176 2964 1357 3038 disciplinam

270 3055 444 3123 inculcans.⁴
476 3059 563 3138 Apud
577 3060 737 3120 Orientales
757 3062 829 3120 nulli
849 3062 978 3128 diacono,
994 3061 1040 3120 vel
1063 3062 1216 3137 superioris
1238 3062 1357 3130 ordinis,

266 3163 334 3222 licat
348 3161 560 3220 matrimonium
581 3161 669 3219 inire:
691 3161 743 3220 sed
769 3161 895 3219 dubitant
916 3160 1045 3218 nonnulli
1066 3169 1159 3224 utrum
1182 3169 1358 3220 contractum

271 3261 372 3328 valeat,
388 3259 483 3318 Sacris
499 3259 776 3336 Congregationibus
791 3259 931 3318 Romanis
939 3258 1119 3336 negantibus.

312 3362 379 3418 166.
401 3357 555 3436 Ligumen
576 3359 679 3435 prioris
692 3359 819 3436 conjugii
831 3359 897 3418 iacit
909 3367 940 3416 ut
952 3358 1024 3416 nihil
1037 3357 1128 3416 valeat
1147 3357 1359 3416 matrimonium

271 3459 364 3535 priore
379 3459 501 3535 conjuge
516 3459 628 3516 vivente
642 3467 826 3517 contractum.
848 3455 995 3516 certitudo
1005 3457 1104 3516 mortis
1118 3455 1219 3533 prioris
1228 3457 1360 3533 conjugis

271 3555 392 3630 proinde
406 3559 566 3614 necessaria
580 3565 623 3614 est
636 3565 666 3616 ut
679 3577 785 3616 novum
802 3558 909 3614 ineatur
923 3556 1153 3614 matrimonium:
1177 3555 1310 3613 “Nullus
1324 3553 1360 3612 ad

268 3650 409 3706 secundas
423 3653 537 3724 nuptias
551 3654 671 3727 migrare
695 3665 856 3728 praesumat,
872 3653 963 3712 donec
977 3655 1004 3712 ei
1026 3663 1137 3714 constat
1154 3653 1230 3725 quod
1251 3653 1284 3710 ab
1304 3652 1360 3710 hac

268 3745 326 3804 vita
342 3745 474 3820 migravit
487 3749 595 3822 conjux
608 3745 722 3824 ejus.”⁵
754 3751 875 3808 Moralis
889 3753 1005 3823 quidem
1019 3751 1157 3812 certitudo
1171 3751 1286 3818 sufficit,
1301 3769 1360 3808 non

268 3853 362 3904 tamen
377 3843 539 3921 probabilis.
581 3846 763 3904 Testimonia
782 3847 838 3904 fide
858 3847 945 3926 digna
965 3852 1042 3910 illam
1056 3853 1192 3928 prebent,
1207 3850 1253 3908 vel
1273 3850 1359 3906 ctiam

268 3943 420 4018 aliquando
433 3961 527 4002 rerum
541 3942 689 4021 adjuncta:
705 3946 730 4002 si
748 3946 824 4004 enim
838 3949 954 4006 maritus
967 3951 1108 4026 stipendia
1121 3950 1239 4016 faciens,
1254 3968 1269 4005 e
1283 3947 1359 4005 bello

268 4062 325 4102 non
346 4052 509 4111 revertatur,
526 4044 659 4103 militibus
680 4047 878 4122 superstitibus
899 4048 1089 4117 redeuntibus,
1104 4049 1219 4108 moralis
1239 4047 1359 4104 habetur

304 4201 346 4266 (t)
365 4201 530 4252 summarium
541 4219 594 4266 cap.
605 4202 637 4252 iv.
649 4203 678 4255 de
689 4202 729 4254 dir
736 4207 780 4271 qui
792 4220 914 4256 comeare.

303 4287 346 4351 (2)
369 4286 429 4335 Vide
441 4287 558 4336 Sanchcz.
570 4289 585 4336 l.
598 4289 623 4336 ii.
635 4289 696 4352 drsp
708 4290 865 4339 xxxvirab.
943 4292 985 4356 (³)
1005 4288 1347 4357 &murmuraremus

303 4369 346 4434 (4)
366 4368 455 4433 Capi.
467 4370 497 4421 de
509 4370 587 4421 cleric.
599 4375 699 4440 conjug.
711 4385 735 4423 et
752 4391 784 4424 ex
802 4390 870 4424 conc.
882 4390 937 4438 gen.
949 4373 1002 4422 Lat.
1014 4375 1030 4423 i.
1041 4391 1093 4439 cap.
1105 4376 1157 4431 xxi.
1167 4382 1192 4424 et
1203 4374 1257 4424 Lat.
1268 4375 1293 4424 ii.
1304 4391 1357 4439 cap·

190 4481 193 4492 ¹
267 4451 308 4504 rii.
319 4457 343 4504 et
354 4451 422 4505 Trid.
435 4454 499 4505 Sese.
511 4458 576 4508 xxiv.
588 4473 643 4510 eeu·
654 4457 687 4510 ix.
936 4461 978 4526 (5)
999 4459 1059 4527 Cap.
1072 4460 1096 4510 ii.
1110 4459 1139 4510 de
1150 4459 1248 4513 secund.
1256 4465 1330 4530 nupt.

1523 640 1528 737 i

1525 750 1529 815 ι
