3144 5192
584 542 726 603 creor
747 544 931 604 unicum.
1113 523 1117 532 '
1242 551 1301 606 aaa

211 711 288 770 effici
301 711 490 779 ordinantem,
503 711 595 783 qualis
609 719 653 769 est
663 710 710 769 ille
724 712 773 783 qui
787 730 845 769 non
859 712 962 770 meruit
974 711 1097 770 ordinari
1107 709 1157 768 i''²
1197 711 1257 771 Sed
1271 721 1300 770 et

211 811 303 887 major
316 809 474 869 adhibenda
483 821 527 869 est
536 809 683 887 diligentia
696 811 725 868 in
739 810 872 886 parochis
886 820 915 869 et
927 811 1072 887 episcopis
1082 809 1278 887 designandis.

251 913 301 968 24.
322 911 455 969 Examen
478 909 697 968 ordinandorum
711 909 873 967 faciendum
887 919 939 968 est.
982 911 1019 968 Si·
1029 911 1174 987 contingat
1187 910 1301 986 episcc-

211 1026 282 1084 pum
295 1009 442 1086 proprium
463 1027 512 1067 ecs
532 1008 673 1067 dimittere
694 1007 728 1066 ad
752 1010 838 1068 alium
861 1009 1044 1076 ordinandos,
1064 1009 1147 1067 debet
1161 1011 1238 1091 prius
1253 1028 1303 1068 ex·

211 1125 296 1166 amen
308 1109 464 1176 instituere,
478 1126 545 1166 uam
567 1116 653 1166 “non
674 1107 755 1166 aliter
777 1126 862 1181 quam
884 1109 1016 1184 probatos
1030 1116 1058 1165 et
1070 1110 1249 1168 examinatos
1262 1108 1300 1168 ad

211 1206 298 1266 alium
311 1207 480 1284 episcopum
494 1205 687 1265 ordinandos”
702 1207 845 1266 dimittere
869 1206 954 1265 debet
972 1227 1010 1266 ex
1030 1207 1153 1265 concilio
1177 1207 1301 1268 Triden-

212 1298 299 1365 ιίιιο.2
338 1306 420 1364 Licet
433 1323 549 1378 quoque
562 1307 702 1382 episcopo
722 1304 836 1363 ordines
849 1306 1005 1364 conterenti
1018 1324 1141 1364 examen
1154 1306 1302 1366 instituere

213 1423 313 1464 eorum
327 1405 377 1476 qui
386 1405 447 1482 jam
462 1422 545 1462 asuo
556 1403 678 1480 presule
692 1404 802 1480 probati
815 1415 891 1463 sunt.

252 1509 304 1562 25.
324 1503 466 1580 Linguam
480 1502 613 1561 Latinam
626 1501 729 1560 callere
744 1502 849 1562 debent
867 1504 917 1576 qui
938 1504 1063 1562 minores
1084 1503 1198 1563 ordines
1211 1507 1302 1565 susci-

214 1618 283 1679 pere
296 1602 404 1660 volunt.
445 1603 503 1669 Qui
529 1601 564 1659 ad
585 1601 819 1660 subdiaconatum
839 1610 868 1661 et
887 1601 1067 1661 diaconatum
1089 1615 1302 1679 promoventur,

214 1719 336 1760 examen
347 1701 441 1760 subire
456 1700 560 1759 debent
572 1699 607 1758 de
620 1701 718 1759 litteris
732 1711 760 1758 et
773 1700 808 1758 de
819 1703 853 1759 iis
867 1720 930 1774 quaa
941 1701 977 1760 ad
987 1701 1119 1760 ordinum
1133 1705 1303 1763 exercitium

214 1801 367 1878 pertinent.
409 1801 544 1859 Examen
567 1817 666 1858 eorum
686 1801 735 1872 qui
756 1799 945 1859 sacerdotium
965 1802 1103 1872 ambiunt,
1117 1802 1201 1860 debet
1214 1804 1304 1880 respi-

213 1917 279 1959 cere
293 1917 355 1973 quae
369 1896 490 1958 doceant
502 1909 637 1976 oporteat
645 1899 783 1976 populum
797 1899 922 1968 fidelem,
943 1901 1054 1958 scilicet
1076 1919 1139 1975 quae
1153 1903 1227 1960 scire
1240 1921 1301 1960 om·

213 2000 298 2059 nibus
311 2001 504 2058 necessarium
525 2007 570 2056 est
591 1998 626 2056 ad
646 1999 777 2065 salutern,
801 2008 830 2056 et
848 2017 911 2070 quae
932 2001 1076 2076 pertinent
1095 2000 1130 2059 ad
1144 2018 1303 2060 sacramen·

214 2107 306 2157 torum
320 2097 604 2157 administrationem.
648 2098 799 2174 Precipua
811 2097 919 2156 ethices
933 2098 1094 2158 christiane
1108 2099 1258 2176 principia,
1273 2109 1303 2158 et

214 2215 276 2270 quae
290 2198 382 2273 magis
395 2198 555 2255 necessaria
568 2205 635 2254 sunt
648 2199 731 2266 scitii,
747 2215 847 2255 omnes
862 2197 964 2255 callere
977 2197 1091 2264 debent,
1103 2199 1190 2259 etiam
1204 2201 1253 2272 qui
1268 2199 1304 2258 ad

215 2313 318 2354 munus
331 2295 526 2354 confessiones
540 2295 672 2354 audiendi
693 2315 751 2354 non
772 2295 958 2363 destinantur,
983 2297 1034 2354 sed
1048 2298 1067 2355 ii
1080 2299 1237 2372 presertim
1251 2301 1301 2373 qui

216 2395 303 2452 sacris
317 2394 500 2453 missionibus
514 2397 636 2452 vacaturi
650 2405 725 2454 sunt.
769 2396 916 2453 Mitiorern
936 2377 1044 2453 nullam
1061 2393 1168 2454 decreti
1182 2397 1305 2457 Triden-

215 2493 268 2550 tini
291 2491 350 2550 dari
371 2511 456 2569 posse
478 2495 735 2570 interpretationem
757 2495 869 2551 censuit
890 2494 1063 2553 Benedictus
1077 2494 1161 2554 XIV.
1176 2514 1262 2567 quam
1276 2498 1302 2555 si

217 2591 386 2668 Theologiae
400 2594 519 2652 Moralis
532 2594 652 2654 scientia
666 2595 701 2652 ab
714 2595 749 2652 iis
764 2593 902 2670 exigatur.
944 2595 968 2651 Α
991 2595 1068 2671 gravi
1089 2594 1173 2672 culpa
1186 2612 1243 2653 non
1257 2615 1306 2664 ex-

214 2701 293 2751 cusat
306 2691 338 2750 S.
353 2692 518 2769 Alphonsus
532 2693 709 2751 sacerdotem
731 2694 781 2766 qui
801 2712 859 2752 non
883 2693 966 2752 habet
985 2693 1135 2766 aliqualem
1156 2695 1305 2754 scientiam

214 2792 289 2850 circa
303 2793 433 2851 materias
448 2793 538 2868 magis
561 2793 670 2860 obvias,
693 2811 755 2864 quae
776 2794 919 2868 pertinent
939 2793 973 2851 ad
994 2805 1201 2852 sacramentum
1216 2796 1306 2870 preni-

216 2885 336 2948 tentiae.³
356 2889 506 2949 Consonat
519 2892 551 2948 S.
566 2892 715 2949 Thomas:
739 2891 813 2950 “Ad
827 2892 903 2964 quod
916 2893 1003 2952 homo
1016 2893 1160 2951 ordinatus
1175 2893 1302 2953 officium

186 3041 188 3048 .
217 2998 384 3060 exequatur,
408 2998 519 3065 oportet
540 2989 617 3061 quod
630 2991 733 3048 habeat
752 3000 858 3049 tantum
873 2991 908 3049 de
922 2991 1140 3062 scientia,.qucd
1154 2989 1306 3051 sufficitad

216 3085 273 3144 hoc
287 3086 364 3159 quod
378 3087 513 3165 dirigatur
526 3089 554 3146 in
569 3100 632 3146 actu
647 3090 723 3148 illius
736 3090 857 3157 ordinis,
872 3090 936 3148 ideo
949 3090 1011 3147 talis
1025 3091 1143 3147 scientia
1156 3091 1307 3162 requiritur

216 3187 247 3244 in
261 3204 306 3253 eo,
321 3189 369 3260 qui
384 3185 418 3244 ad
431 3187 545 3246 ordines
559 3189 720 3264 promoveri
734 3184 866 3246 debet.”⁴
905 3189 963 3255 Qui
983 3187 1131 3246 ordinandi
1145 3199 1220 3256 sunt,
1236 3191 1306 3262 quin

213 3286 309 3344 statim
339 3296 440 3346 vacent
469 3287 663 3356 missionibus,
694 3288 769 3347 haud
793 3288 921 3366 indigent
940 3297 1015 3345 tanta
1040 3288 1161 3346 scientia
1189 3308 1222 3347 ac
1256 3289 1305 3347 alii

217 3383 322 3458 quibus
335 3405 403 3444 cura
416 3387 572 3445 animarum
588 3389 782 3446 committitur.

256 3488 307 3543 26.
329 3485 388 3553 Qui
401 3487 507 3544 litteras
522 3488 660 3562 ignorant,
675 3488 746 3545 adeo
760 3496 791 3543 ut
804 3495 944 3557 nequeant
957 3486 1074 3544 omnino
1089 3487 1225 3563 perficere
1243 3506 1307 3560 que

217 3583 325 3642 ordinis
338 3587 383 3646 sui
397 3595 473 3654 sunt,
494 3585 663 3664 irregulares
676 3585 799 3644 habendi
819 3596 895 3651 sunt,
917 3603 982 3642 narn
1003 3585 1150 3644 illiteratus
1174 3597 1309 3646 arcetura

216 3685 406 3762 suscipiendis
419 3686 566 3744 ordinibus
580 3705 615 3744 eo
629 3697 712 3763 pacto
727 3705 784 3758 quo
798 3703 916 3760 corpore
931 3681 1070 3744 vitiatus.⁵

256 3789 307 3842 2⁷.
328 3786 362 3844 In
376 3785 553 3863 regularibus
568 3804 626 3843 non
640 3786 740 3843 eadem
754 3787 879 3862 exigitur
892 3785 1012 3843 scientia
1025 3805 1056 3843 ac
1071 3787 1100 3844 in
1113 3786 1306 3854 saecularibus,

218 3882 285 3952 quia
298 3885 389 3960 magis
403 3884 572 3943 addicuntur
586 3885 697 3962 pietatis
718 3885 871 3951 exercitiis,
893 3894 921 3942 et
943 3885 1059 3943 nonnisi
1078 3905 1116 3943 ex
1129 3889 1308 3961 superiorum

216 3978 326 4056 judicio
346 3981 381 4040 ad
401 3982 520 4042 aliorum
543 3984 663 4042 salutem
685 3995 876 4050 assumuntur,
897 3993 1048 4060 postquam
1070 3986 1100 4042 in
1114 3984 1232 4041 scientia
1245 4001 1310 4058 pro-

218 4076 337 4136 fecerint
356 4079 428 4138 intra
447 4083 551 4140 socios.
594 4081 738 4142 (laterum
765 4085 815 4156 qui
835 4083 998 4141 ordinantur
1024 4082 1135 4140 cosme
1162 4090 1193 4138 ut
1212 4099 1309 4140 curam

256 4301 299 4366 (1)
317 4297 397 4363 Epist.
405 4298 422 4349 i.
433 4300 494 4350 alias
504 4302 606 4353 lxxxvii.
743 4306 785 4368 (2)
806 4302 871 4352 Sess.
883 4301 952 4351 xxiii.
963 4317 984 4350 c
996 4300 1029 4349 iii.
1039 4299 1070 4350 de
1082 4299 1134 4348 Rei

256 4390 298 4456 (³)
318 4387 348 4438 L.
361 4388 393 4441 ri.
404 4404 429 4438 n.
440 4391 498 4439 791.
742 4394 784 4458 (4)
805 4392 835 4440 In
846 4390 878 4440 iv.
890 4391 945 4439 dist.
954 4390 1021 4440 xxiv.
1033 4405 1074 4452 qu.
1085 4388 1100 4437 i.
1113 4405 1146 4438 ar.
1155 4389 1189 4441 iii.
1199 4406 1239 4454 qu.
1251 4391 1276 4440 ii.

742 4479 784 4543 (5)
805 4476 867 4540 Cap.
878 4475 1015 4536 illiteratus,
1026 4474 1081 4526 dist.
1093 4475 1177 4526 xxxvi.

258 4569 335 4630 Vor..
350 4571 490 4632 tlt-25
