3144 5192
588 527 730 587 CAPUT
751 524 933 587 UNIOUM.
1181 615 1183 620 Ι
1250 531 1311 586 267

222 696 295 755 sorte
309 703 386 753 esset
398 696 428 754 in
441 694 562 762 mortali,
585 702 613 752 et
635 711 754 770 compos
774 692 890 751 rationis
913 700 1120 750 sacramentum
1142 693 1309 770 recepisset,

223 795 329 853 auxilio
343 794 491 852 attritionis
505 793 622 870 gratiam
636 793 709 851 forte
729 793 831 851 fuisset
850 791 979 869 adeptus,
1001 809 1058 864 qua
1078 790 1204 865 alioquin
1217 792 1309 868 prive-

222 903 285 961 tur;
306 893 420 951 demum
434 893 501 964 quia
514 893 615 950 virtute
628 891 715 968 hujus
735 891 904 950 sacramenti
924 890 995 948 forte
1014 901 1187 950 consecutus
1207 891 1310 950 suisset

223 994 371 1050 sanitatem
393 991 531 1068 corporis,
552 991 578 1048 si
598 1000 725 1067 tempore
740 1008 867 1067 congruo
881 990 1014 1048 collatum
1029 989 1139 1058 suisset,
1152 990 1219 1048 licet
1231 989 1307 1049 enim

220 1091 276 1150 hoo
289 1100 498 1149 sacramentum
513 1091 613 1149 virtute
627 1089 748 1163 quadam
763 1088 970 1165 supernaturali
989 1097 1123 1164 operetur
1137 1090 1219 1147 etiam
1233 1087 1307 1146 saln-

220 1200 277 1248 tem
291 1189 478 1266 corporalem,
499 1189 524 1246 si
545 1189 646 1246 animae
667 1187 750 1246 saluti
770 1187 930 1265 expedierit
952 1188 995 1267 (ut
1014 1188 1141 1260 loquitur
1164 1186 1308 1245 Tridenti·

220 1284 302 1366 num)
323 1307 381 1345 non
394 1296 489 1347 tamen
509 1305 560 1364 per
582 1286 700 1346 modum
721 1286 851 1345 miraculi
871 1295 1011 1362 operatur,
1032 1285 1084 1343 sed
1105 1287 1151 1344 via
1172 1286 1309 1360 quodam·

221 1386 308 1445 modo
321 1385 475 1454 ordinaria,
489 1404 593 1462 nempe
607 1404 708 1444 causas
721 1385 864 1443 naturales
878 1379 1085 1462 adjuvando.”1

259 1488 309 1543 21.
331 1484 366 1543 ln
380 1486 481 1544 eodem
497 1486 560 1542 vitae
574 1484 737 1543 discrimine
751 1501 810 1542 non
824 1484 936 1541 iteratur
949 1485 1062 1542 unctio:
1090 1483 1140 1541 sed
1154 1483 1179 1540 si
1194 1482 1308 1542 morbus

221 1584 259 1641 sit
271 1583 439 1653 diuturnior,
454 1592 482 1641 et
496 1583 559 1656 quis
572 1601 588 1641 e
602 1582 727 1659 periculo
738 1583 904 1640 imminente
916 1582 1059 1657 eripiatur,
1074 1583 1113 1641 nil
1124 1591 1198 1640 vetat
1207 1583 1308 1640 iterare

220 1683 395 1750 unctionem,
424 1683 532 1741 variato
561 1684 623 1760 jam
649 1682 787 1759 periculo.
844 1680 1010 1748 “Quadam
1037 1693 1104 1740 sunt
1129 1681 1308 1758 egritudines

221 1781 370 1849 diutumae,
391 1792 422 1840 ut
441 1781 562 1848 hectiea,
586 1780 753 1858 hydropisis
773 1788 802 1837 et
822 1779 1003 1857 hujusmodi;
1025 1789 1054 1837 et
1075 1783 1105 1840 in
1125 1780 1226 1838 talibus
1249 1798 1308 1839 non

220 1879 305 1938 debet
321 1879 382 1937 fieri
395 1881 533 1948 inunctio,
554 1880 610 1939 nisi
632 1879 744 1954 quando
767 1878 897 1936 videntur
919 1879 1074 1956 perducere
1094 1880 1129 1938 ad
1149 1879 1308 1955 pericnlum

219 1978 338 2037 mortis:
364 1988 392 2037 et
414 1981 439 2037 si
462 1978 550 2037 homo
569 1977 651 2039 illum
675 1979 824 2036 articulum
844 1977 955 2047 evadat,
970 1979 1069 2037 eadem
1085 1978 1246 2038 infirmitate
1259 1977 1310 2038 du·

219 2086 309 2146 rante,
323 2079 465 2137 etiterum
480 2077 650 2139 adsimilem
664 2087 766 2136 statum
782 2077 923 2153 perillam
937 2079 1133 2154 aegritudinem
1148 2077 1306 2147 reducatur,

219 2177 321 2234 iterum
336 2186 428 2253 potest
447 2173 596 2254 inungi.”²
636 2177 669 2234 Si
688 2176 805 2235 dubium
827 2178 864 2234 sit
882 2187 975 2236 utrum
990 2177 1066 2236 idem
1086 2179 1123 2236 sit
1142 2176 1309 2254 periculum,

220 2274 255 2332 ad
285 2276 460 2334 iterationem
487 2274 726 2352 propendendum
753 2274 823 2333 dicit
847 2275 1020 2334 Benedictus
1048 2277 1131 2335 XIV.
1159 2295 1196 2334 ex
1222 2276 1310 2334 veteri

219 2373 361 2432 Ecclesiae
375 2375 588 2434 consuetudine.
630 2376 792 2434 Paucorum
810 2373 919 2433 dierum
941 2377 1119 2434 intervallum
1133 2393 1191 2432 non
1205 2373 1310 2433 sufficit

218 2481 250 2532 ut
263 2473 328 2546 quis
342 2491 358 2531 e
372 2474 498 2550 periculo
512 2475 637 2534 evasisse
651 2483 816 2542 censeatur3
832 2473 882 2532 sed
897 2473 1018 2532 notabile
1033 2474 1168 2551 temporis
1183 2473 1307 2550 spatium

218 2573 378 2646 requiritur.
864 2641 867 2648 ,

256 2677 305 2730 22.
328 2673 432 2732 Utrum
445 2674 510 2746 quis
525 2672 621 2732 divina
634 2681 760 2732 teneatur
780 2672 843 2751 lege
864 2673 900 2732 ad
920 2674 1086 2732 unctionem
1106 2670 1306 2750 expetendam,

217 2770 384 2849 disputatur.
425 2771 640 2832 Affirmantibus
655 2772 749 2832 favent
768 2771 870 2831 Jacobi
889 2775 991 2831 verba:
1024 2781 1044 2808 ‘⁶
1056 2772 1169 2831 inducat
1182 2773 1303 2849 presby-

216 2879 291 2928 teros
305 2871 446 2928 Ecclesiae
457 2866 503 2950 ²⁹.’³
523 2881 552 2928 et
573 2871 759 2931 conciliorum
774 2871 887 2931 decreta
898 2875 960 2951 ejus
975 2873 1189 2949 susceptionem
1202 2889 1306 2948 urgen-

219 2970 309 3027 tium:
333 2968 524 3027 “Secundum
546 2970 618 3028 beati
643 2971 777 3048 Apostoli
796 2970 897 3029 Jacobi
920 2972 1129 3038 documentum,
1154 2971 1200 3028 cni
1222 2971 1306 3028 etiam
1412 2982 1419 2990 '

218 3065 386 3126 documenta
399 3074 510 3144 patrum
524 3079 692 3138 consonant,
714 3070 819 3128 infirmi
832 3071 898 3128 oleo
918 3070 997 3144 quod
1011 3070 1045 3127 ab
1066 3069 1208 3145 episeopis
1222 3069 1308 3126 bene·

215 3165 327 3235 dicitur,
342 3186 358 3223 a
370 3167 545 3244 presbyteris
558 3171 627 3247 ungi
640 3169 777 3228 debent.”
806 3169 849 3228 Ita
862 3169 1016 3228 concilium
1030 3167 1233 3226 Cabillonensc
1246 3161 1304 3225 ll.⁴

216 3264 339 3324 Constat
359 3275 552 3343 contemptum
578 3269 647 3327 tanti
673 3269 842 3327 sacramenti
865 3270 972 3342 absque
998 3267 1107 3345 ingenti
1132 3266 1249 3335 scelere,
1277 3274 1305 3322 et

143 3414 145 3421 .
215 3365 308 3443 ipsius
323 3366 446 3442 Spiritus
461 3367 560 3425 Sancti
582 3369 694 3446 injuria,
718 3387 782 3426 esse
805 3386 862 3425 non
886 3364 1005 3445 posse2⁵
1024 3367 1076 3425 sed
1096 3385 1154 3425 non
1174 3375 1306 3442 putamus

213 3466 337 3543 graviter
349 3484 478 3542 peccare,
494 3467 554 3540 qui,
568 3468 736 3527 necessariis
751 3465 886 3526 subsidiis
892 3469 953 3545 jam
963 3468 1098 3534 munima,
1122 3464 1217 3523 differt
1231 3464 1303 3523 reoi-

212 3582 281 3642 pere
294 3567 469 3635 unctionem,
490 3566 546 3624 sibi
571 3567 758 3643 persuadens,
786 3567 855 3625 licet
874 3567 973 3625 leviter
991 3576 1020 3625 et
1041 3577 1156 3634 temere,
1181 3583 1212 3624 se
1225 3562 1305 3622 haud

210 3663 281 3724 adeo
295 3666 458 3743 periclitari.
500 3667 531 3725 N
533 3685 566 3726 ec
578 3687 696 3744 peccare
706 3668 829 3744 graviter
842 3665 953 3725 videtur
966 3666 1080 3740 aliquis,
1095 3667 1144 3739 qui
1158 3665 1303 3724 moribun·
1351 3698 1359 3704 -

213 3761 292 3833 dum,
307 3765 432 3839 alioquin
445 3766 512 3825 satis
527 3774 666 3844 paratum,
687 3785 789 3845 urgere
809 3766 927 3844 negligit
940 3766 975 3825 ad
989 3767 1152 3826 unctionem
1165 3766 1305 3841 recipien-

215 3860 292 3919 dam.

250 4043 293 4110 (1)
312 4041 342 4092 L.
354 4043 422 4094 vin.
434 4048 491 4097 714.
630 4050 673 4116 (2)
693 4049 818 4099 S.Thom.
830 4049 891 4112 Sup.
902 4047 936 4097 iii.
947 4064 971 4112 p.
983 4065 1023 4112 qu.
1036 4047 1123 4098 miii.
1134 4052 1178 4096 ort.
1189 4044 1206 4094 i.
1218 4043 1294 4112 Resp.
1355 4039 1360 4046 '

248 4131 291 4197 (³)
309 4129 361 4180 Jac.
373 4146 396 4180 v.
411 4133 449 4181 14.
632 4137 675 4202 (4)
696 4135 758 4199 Cap.
770 4135 845 4186 xlviii.

631 4223 673 4288 (5)
693 4221 754 4271 Trid
766 4221 830 4270 Sess.
843 4219 892 4270 xiv.
904 4234 956 4283 cap.
969 4218 1003 4269 iii.
