3144 5192
270 527 329 582 218
621 517 677 578 DE
699 517 1011 578 ABSOLU'I'IONE.

269 689 354 746 estin
368 687 413 746 sui
426 685 627 746 detrimentum
648 683 859 746 vindicandum.
901 685 1013 763 Injuria
1034 683 1150 758 quidem
1171 686 1198 744 ei
1220 687 1312 756 fieret,
1340 689 1367 746 si

271 787 412 847 absolutio
437 785 598 846 differretur
618 805 685 844 cum
711 786 755 843 sui
775 784 891 853 damno,
913 785 958 842 vel
979 785 1062 842 famae
1084 785 1206 861 jactura,
1228 787 1273 845 vel
1289 787 1365 846 alibs

271 888 378 961 absque
406 887 484 963 gravi
510 904 611 944 causa:
633 884 684 944 sed
709 885 832 944 lucratur
858 902 934 961 saepe
956 883 1102 942 dilatione.
1153 883 1241 942 Certa
1266 896 1365 946 autem

271 987 369 1065 regula
382 986 435 1044 hac
456 988 486 1046 in
500 1005 529 1044 re
544 985 628 1043 statui
649 985 757 1056 nequit,
778 1002 867 1057 quum
890 983 1034 1042 nonnullis
1056 984 1147 1059 prosit
1165 984 1277 1052 dilatio;
1300 987 1365 1044 aliis

271 1087 356 1146 obsit.

310 1191 380 1246 201.
402 1184 448 1242 Dc
462 1185 650 1244 relabentibus
662 1185 689 1243 in
704 1195 819 1260 peccata
834 1201 897 1258 quae
911 1201 948 1242 ex
968 1183 1117 1261 fragilitate
1130 1183 1283 1242 intrinseca
1296 1202 1366 1242 eou-

270 1287 391 1362 tingunt‚
413 1301 447 1340 v:
463 1303 498 1360 g:
521 1283 720 1360 pollutionem,
740 1284 958 1344 delectationem
982 1301 1137 1351 morosam,
1161 1283 1256 1342 odium
1279 1283 1366 1349 ‚blas-

271 1383 427 1459 phemiam,
442 1393 539 1441 censet
552 1383 585 1441 S.
599 1383 765 1460 Alphonsus
779 1383 984 1442 absolutionem
1006 1383 1041 1440 iis
1062 1384 1111 1441 vix
1125 1380 1321 1450 differendam,
1336 1384 1364 1440 si

271 1481 493 1540 extraordinaria
507 1484 650 1558 prebeant
662 1482 769 1542 doloris
783 1485 874 1560 signa.
916 1481 1000 1548 Octo,
1015 1482 1060 1540 vel
1074 1481 1173 1540 decem
1184 1481 1304 1548 dierum,
1315 1483 1364 1540 vel

271 1581 306 1639 ad
320 1599 464 1640 summum
480 1582 655 1653 quindecim,
670 1582 832 1640 dilationem
853 1580 999 1658 permittit,
1023 1582 1134 1653 quoties
1158 1599 1195 1638 ex
1216 1599 1301 1638 causa
1320 1581 1364 1639 in·

273 1682 396 1740 trinseca
409 1679 505 1757 lapsus
519 1682 615 1745 oritur.
658 1681 781 1747 Quando
802 1700 840 1740 ex
860 1699 945 1739 causa
965 1681 1137 1748 extrinsece,
1151 1679 1307 1739 differenda
1319 1690 1365 1738 est

272 1779 364 1839 donec
386 1781 500 1839 occasio
526 1780 634 1838 sublata
653 1780 745 1838 fuerit.
788 1780 874 1840 Ratio
900 1777 1071 1839 discriminis
1098 1778 1256 1838 desumitur
1274 1798 1312 1836 ex
1333 1782 1362 1838 vi

271 1879 436 1959 hujusmodi
450 1897 553 1948 causae,
568 1897 631 1952 quoe
645 1878 764 1937 faciliter
775 1879 921 1939 libidinem
936 1879 1075 1947 accendit,
1096 1888 1125 1936 et
1143 1879 1250 1955 optima
1262 1880 1364 1936 evertit

269 1980 408 2040 consilia:
430 1997 517 2051 quum
538 1997 554 2036 e
575 1987 672 2037 contra
684 1977 819 2056 fragilitas
833 1978 997 2055 poenitentis
1018 1987 1047 2038 et
1065 1977 1213 2036 infirmitas
1236 1977 1363 2036 sananda

272 2080 318 2146 sit,
333 2087 361 2136 et
373 2077 531 2136 roboranda
544 2079 653 2136 interno
667 2079 763 2154 gratiae
776 2077 914 2145 remedio,
929 2078 1045 2154 quippe,
1057 2076 1176 2136 docente
1190 2077 1222 2134 S.
1234 2057 1360 2145 Thema,

273 2178 397 2254 “majus
411 2176 570 2236 remedium
585 2177 726 2254 probetur
737 2186 836 2236 eontra
849 2187 966 2253 peccata
978 2177 1090 2235 vitanda
1109 2195 1146 2233 ex
1160 2177 1259 2254 gratia,
1274 2195 1359 2248 quam

272 2293 309 2333 ex
322 2273 505 2334 assuetudine
525 2293 643 2352 operum
657 2270 869 2337 nostrorum.”²
908 2276 1000 2334 Favet
1019 2275 1150 2334 Rituale:
1173 2277 1232 2334 “in
1245 2287 1361 2352 peccata

267 2375 354 2434 facile
373 2375 565 2435 recidentibus
585 2376 769 2436 utilissimum
789 2376 874 2436 fuerit
893 2375 1043 2434 consulere
1061 2385 1093 2434 ut
1112 2393 1189 2452 saepe
1211 2376 1361 2434 confitean-

272 2485 326 2544 tur,
341 2487 378 2544 et,
390 2476 415 2534 si
429 2477 573 2553 expediat,
587 2468 847 2536 communicent.”³

311 2581 382 2634 202.
416 2575 571 2651 Temporis
595 2577 771 2650 experientia
797 2574 948 2648 querenda
968 2583 1022 2642 est,
1044 2573 1156 2646 quando
1182 2575 1360 2650 propositum

272 2673 387 2730 dubium
403 2671 521 2740 videtur,
536 2683 565 2730 et
577 2673 658 2731 dolor
671 2674 808 2750 exiguus:
830 2673 881 2731 sed
901 2674 1013 2746 quotics
1034 2672 1069 2731 de
1089 2674 1184 2732 animo
1204 2675 1359 2750 poeuiteute

272 2780 391 2837 constat,
414 2770 474 2828 dari
490 2779 583 2846 potest
596 2771 747 2840 absolutio,
768 2773 834 2844 quia
850 2774 933 2850 juxta
954 2782 1123 2848 presentem
1137 2773 1225 2829 animi
1238 2771 1359 2848 disposi-

271 2869 375 2926 tionem
386 2868 559 2946 judicandus
573 2881 617 2928 est
630 2871 782 2947 penitens.
825 2872 981 2948 Temporis
995 2870 1101 2930 ideirco
1114 2871 1223 2928 nullum
1237 2871 1359 2948 exigitur

271 2969 406 3045 spatium,
419 2987 484 3027 uam
499 2988 555 3028 non
567 2969 596 3028 id
609 2971 759 3044 inquiritur
771 2981 864 3029 utrurn
879 2980 1108 3048 perseveraturus
1123 2971 1176 3032 sit:
1198 2970 1250 3029 sed
1266 2980 1358 3028 utrum

272 3071 527 3146 impresentiarum
554 3068 649 3130 doleat
668 3070 703 3129 de
725 3071 867 3137 admissis,
888 3080 917 3128 et
942 3088 1123 3146 perseverare
1148 3069 1268 3128 firmiter
1293 3088 1357 3147 pro·

272 3179 368 3245 ponat.
411 3171 516 3230 Docuit
542 3169 676 3228 Christus
702 3170 906 3247 ignoscendum
928 3187 991 3228 esse
1018 3168 1096 3227 fratri
1117 3152 1306 3228 admissorum
1328 3170 1358 3227 iu

274 3269 360 3326 alium
386 3269 534 3345 poenitenti
560 3270 868 3346 septuagiessepties:
890 3269 967 3342 quod
988 3267 1023 3326 ad
1050 3268 1235 3327 imitationem
1256 3269 1358 3328 divinae

272 3387 339 3444 arga
353 3380 515 3444 peccatores
530 3369 729 3427 misericordia
742 3368 804 3426 fieri
817 3366 990 3427 censendum
1004 3379 1057 3426 est.

312 3473 382 3526 20³.
405 3468 640 3527 Extraordinaria
663 3468 768 3527 doloris
792 3468 907 3536 indicia,
926 3478 995 3526 sunt
1019 3468 1044 3526 1.
1065 3467 1210 3544 lacrymae,
1224 3468 1357 3544 suspiria,

275 3567 359 3623 verba
381 3586 418 3625 ex
435 3568 493 3625 imo
513 3566 598 3624 corde
621 3568 708 3625 veluti
728 3566 864 3642 prosecta,
885 3569 1041 3643 praesertim
1062 3568 1097 3624 ab
1116 3566 1291 3634 hominibus,
1309 3568 1358 3639 qui

274 3663 394 3721 durioris
408 3665 576 3739 plerumque
596 3675 664 3722 sunt
674 3665 788 3723 indolis.
824 3675 843 3700 ‘⁶
853 3666 887 3723 ln
901 3665 1101 3743 dispensandis
1116 3665 1198 3724 donis
1211 3665 1302 3733 Dei,”
1317 3667 1359 3724 iu·

274 3761 335 3834 quit
349 3761 380 3819 S.
395 3761 467 3829 Leo,
489 3771 509 3798 “
520 3781 578 3820 uon
592 3761 726 3821 debemus
747 3782 810 3822 ease
824 3763 965 3834 difficiles,
986 3785 1039 3824 nec
1052 3766 1245 3824 accusantium
1259 3784 1290 3823 se
1304 3765 1358 3824 lac-

262 3881 369 3938 rymas
396 3863 575 3940 gemitusque
600 3862 753 3940 negligere,
786 3882 850 3920 cum
878 3865 970 3940 ipsam
997 3864 1153 3942 poenitendi
1179 3865 1359 3923 affectionem

272 3963 421 4024 credamus
440 3981 477 4022 ex
499 3962 554 4020 Dei
575 3961 757 4038 inspiratione
777 3959 996 4040 conceptam.'’²
1035 3964 1075 4024 ΙΙ.
1098 3965 1246 4023 Numerus
1260 3983 1358 4041 peeca-

274 4079 366 4148 torum
380 4064 545 4131 diminutus,
566 4061 595 4120 iu
617 4061 730 4130 iisdem,
757 4063 787 4121 iu
813 4065 916 4136 quibus
937 4065 1041 4140 sapius
1061 4074 1237 4140 peccaverat,
1263 4082 1357 4122 terrun

272 4165 430 4242 adjunctis:
452 4164 518 4223 iude
531 4161 607 4221 euim
621 4163 711 4236 liquet
729 4181 794 4221 eum
815 4163 844 4222 in
858 4163 1058 4240 cupiditatibus
1071 4163 1258 4240 reprimendis
1272 4162 1360 4221 studi·

271 4269 320 4322 um
335 4282 452 4340 ponere:
462 4283 514 4322 ex:
524 4282 569 4340 gr:
581 4263 606 4321 si
615 4262 679 4336 quis
687 4263 777 4322 semel
787 4263 952 4343 peccavitin
961 4261 1070 4332 mense,
1083 4264 1132 4338 qui
1142 4273 1224 4322 antea
1234 4262 1361 4336 quotidie

372 4421 414 4485 (l)
434 4419 520 4484 Suppl.
532 4419 564 4468 iii.
575 4435 600 4483 p.
611 4435 653 4483 qu.
663 4436 722 4472 xxv.
734 4426 777 4470 art.
788 4421 804 4469 i.
816 4420 847 4470 ad
857 4423 882 4470 t.
919 4408 921 4412 ’
985 4422 1027 4489 (2)
1047 4420 1086 4470 De
1098 4419 1153 4470 Sec.
1166 4419 1255 4470 Poenit.

565 4508 607 4572 (3)
626 4506 705 4570 Epist„
717 4507 803 4556 lxxxii.
815 4507 936 4560 'l'heodon
949 4505 1064 4572 episcop.
