3124 5168
316 544 373 604 DE
395 543 762 605 DISPOSITIONIBUS
783 540 1162 604 BAPTIZANDORUM.
1248 548 1287 604 49

191 720 262 770 ante
284 711 460 790 baptismum
486 711 627 770 admissa:
649 710 778 770 confiteri
797 721 892 769 tamen
911 709 1015 770 debent
1033 729 1064 769 se
1084 709 1202 788 indigne
1214 710 1283 789 bap·

191 813 311 870 tismum
325 811 498 888 suscepisse,
514 830 579 869 nam
592 822 740 888 peccatum
753 811 809 870 hoc
820 819 1049 869 consummatum
1059 821 1104 868 est
1112 811 1243 888 ingressu
1253 812 1284 871 in

192 911 369 978 Ecclesiam,
393 920 421 968 et
442 909 507 968 ideo
527 910 654 986 subjacet
673 910 736 987 ejus
752 909 920 968 auctoritati.
963 909 1022 976 Qui
1034 910 1208 986 baptismum
1220 927 1283 968 sus·

192 1019 331 1086 ceperunt
343 1009 409 1068 ficto
430 1010 536 1078 animo,
559 1009 666 1067 nullam
681 1011 709 1067 in
723 1028 758 1068 eo
772 1015 960 1086 agnoscentes
985 1010 1127 1075 virtutem,
1148 1017 1176 1065 et
1189 1008 1283 1078 solnm

192 1107 321 1167 utilitatis
335 1107 456 1186 alicujus
470 1127 565 1176 causa,
580 1107 625 1167 vel
638 1117 669 1166 ut
681 1109 793 1167 obicem
808 1108 989 1167 matrimonio
1004 1105 1128 1165 ineundo
1142 1105 1283 1178 tollerent,

191 1207 298 1283 pariter
323 1205 428 1265 debent
452 1206 523 1265 illud
548 1206 644 1266 fateri:
666 1207 746 1280 quod
771 1208 797 1265 si
823 1207 965 1266 noluerint
990 1214 1200 1265 sacramentum
1223 1225 1285 1265 sus·

192 1306 298 1381 cipere,
333 1304 368 1362 de
398 1305 492 1363 valore
519 1306 652 1382 baptismi
678 1305 777 1365 eadem
798 1308 907 1364 moveri
932 1313 1026 1381 potest
1051 1306 1172 1378 quaestio
1192 1323 1225 1364 ac
1248 1305 1284 1363 de

192 1403 316 1462 ministri
329 1404 495 1462 intentione.
538 1405 631 1463 Nobis
652 1403 763 1462 videtur
783 1405 877 1462 valere
896 1404 1064 1480 baptismus,
1091 1404 1203 1477 quoties
1218 1405 1282 1478 quis

191 1503 318 1561 exterius
333 1521 391 1561 non
404 1511 560 1581 repugnet;
581 1503 724 1562 iterandus
738 1514 833 1562 tamen
853 1505 905 1562 sub
927 1500 1089 1561 conditione
1104 1504 1140 1562 oh
1154 1501 1282 1564 dubium.

233 1606 283 1659 40.
306 1601 403 1686 Nemo
421 1601 608 1678 baptizandus
631 1611 674 1660 est
693 1603 807 1671 invitus,
831 1620 896 1660 nam
923 1609 998 1660 recte
1019 1603 1109 1679 jussit
1128 1603 1283 1662 concilium

192 1701 370 1760 Toletanum
392 1702 529 1759 “nemini
549 1701 584 1758 ad
605 1700 778 1760 credendum
799 1703 857 1760 vim
878 1694 1040 1759 inferre:''²
1062 1720 1117 1759 nec
1130 1701 1284 1779 valetbap·

192 1801 295 1859 tismm
309 1801 480 1877 repugnanti
498 1800 633 1858 collatus:
657 1802 734 1873 “qui
758 1819 902 1872 nunquam
923 1804 1074 1867 consentit,
1095 1799 1147 1857 scd
1171 1801 1282 1876 penitus

193 1898 371 1966 contradicit,
397 1917 450 1956 nec
476 1917 536 1956 rem
561 1918 614 1958 nec
634 1900 826 1958 characterem
846 1899 946 1975 recipit
965 1892 1186 1957 sacramenti.''²
1226 1897 1286 1955 Sed

193 1999 219 2056 si
233 1999 392 2074 baptizatus
413 1997 496 2055 suerit
516 1999 580 2069 quis
600 1998 676 2056 haud
698 2000 830 2057 conscius
851 1998 920 2055 ritus
944 1998 1060 2074 peracti,
1081 1996 1206 2070 ideoque
1227 2015 1284 2056 non

191 2115 357 2174 repugnans
370 2097 505 2166 exterius,
520 2095 630 2155 videtur
650 2099 807 2173 baptismus
821 2097 932 2154 valere:
958 2106 1133 2174 quapropter
1150 2105 1284 2172 putamus

190 2195 286 2254 valere
299 2195 472 2272 baptismum
485 2194 559 2254 scrib
569 2196 703 2254 collatum
712 2196 862 2255 dormienti
874 2204 922 2254 aut
934 2196 1023 2263 ebrio,
1033 2197 1164 2269 quamvis
1179 2205 1286 2255 temere

192 2305 301 2354 etcum
314 2304 431 2372 peccato
444 2295 510 2363 fiat3
525 2294 577 2352 sed
590 2312 679 2367 quum
692 2295 740 2352 alii
753 2295 834 2352 aliter
847 2295 979 2362 sentiant,
990 2294 1043 2352 snb
1056 2293 1222 2352 conditione
1235 2296 1289 2352 erit

193 2393 347 2452 iterandus.

119 2563 129 2572 .
234 2496 283 2551 41.
305 2493 470 2570 Baptismus
493 2494 545 2551 rite
568 2502 720 2570 susceptus
742 2492 814 2550 tollit
832 2490 947 2568 culpam
974 2507 1089 2550 omnem
1112 2497 1141 2547 et
1159 2507 1286 2566 paenam,

193 2592 304 2652 confert
317 2593 436 2669 gratiam
450 2612 506 2665 qua
519 2594 613 2652 anima
633 2593 664 2650 fit
679 2593 757 2670 justa
769 2600 798 2650 et
809 2591 874 2650 Deo
889 2600 1015 2668 accepta,
1029 2609 1084 2649 nna
1099 2607 1165 2649 cum
1180 2591 1287 2648 virtuti·

194 2694 248 2750 bus
261 2692 374 2760 infusis,
388 2700 417 2748 et
429 2692 509 2750 titulo
523 2693 647 2766 quodam
668 2692 703 2750 ad
717 2692 820 2768 gratias
835 2691 960 2750 actuales
974 2709 1027 2750 suo
1041 2700 1170 2767 tempore
1184 2689 1287 2768 recipi·

195 2790 301 2849 endas:
323 2791 462 2866 imprimit
476 2792 578 2850 anime
591 2790 782 2850 characterem
804 2792 853 2862 qui
874 2790 963 2848 deleri
976 2791 1091 2863 nequit:
1113 2790 1179 2848 sacit
1192 2789 1285 2850 homi·

191 2907 260 2949 nem
273 2889 432 2947 membrum
444 2889 594 2958 Ecclesiae,
609 2891 692 2967 etjus
701 2889 748 2946 dat
757 2889 792 2946 ad
803 2889 912 2961 reliqua
925 2899 1110 2956 sacramenta,
1126 2907 1178 2963 pro
1193 2891 1287 2966 cujus-

196 3006 253 3062 que
277 2987 454 3044 necessitate.
508 2988 621 3048 Inducit
646 3003 761 3061 quoque
788 2987 992 3063 obligationem
1018 2985 1152 3043 servandi
1178 2986 1235 3043 Dei
1260 2995 1290 3043 et

196 3087 338 3147 Ecclesiae
356 3086 495 3145 mandata.
776 3075 779 3080 ¹

235 3190 284 3244 42.
307 3184 404 3244 Adulti
427 3187 478 3260 qui
497 3205 653 3260 numquam
675 3187 720 3244 sui
742 3193 891 3261 compotes
913 3183 1037 3250 fuerunt,
1059 3182 1199 3259 baptizari
1223 3200 1289 3259 pos·

196 3295 271 3354 sunt,
287 3287 375 3343 instar
388 3285 550 3353 infantium,
571 3287 601 3343 in
623 3284 679 3343 tide
694 3285 847 3351 Ecclesia,
869 3303 906 3342 ex
928 3281 1038 3341 Christi
1051 3284 1174 3360 benigna
1188 3283 1288 3341 volun·

196 3394 266 3443 tate:
289 3393 417 3442 amentes
445 3385 495 3457 qui
520 3383 673 3457 aliquando
696 3403 781 3442 usum
807 3384 925 3441 rationis
952 3381 1121 3450 habuerunt,
1148 3382 1289 3458 baptizari

197 3494 327 3560 possunt,
350 3486 375 3542 si
396 3484 575 3561 propositum
595 3484 769 3560 baptismum
780 3481 938 3558 reeipiendi
951 3489 1018 3538 tunc
1031 3481 1170 3539 severint:
1193 3498 1289 3548 secus,

198 3585 223 3642 si
243 3583 353 3642 nullum
373 3581 542 3662 hujusmodi
561 3583 713 3641 consilinm
734 3581 899 3640 habuerint:
922 3580 973 3638 sed
986 3582 1016 3639 in
1028 3599 1059 3638 re
1073 3580 1168 3648 dubis,
1183 3589 1212 3638 et
1225 3581 1290 3639 vira

197 3681 359 3740 discrimine
373 3683 459 3741 etiam
471 3683 534 3740 leve
549 3679 686 3740 indicium
700 3680 853 3739 voluntatis
867 3680 973 3739 sufficit
992 3689 1024 3739 ut
1046 3682 1123 3754 quis,
1147 3689 1288 3755 quatenus

197 3781 297 3848 valeat,
310 3782 459 3840 subveniat
472 3781 652 3858 periclitanti.
695 3781 728 3838 S.
743 3780 906 3857 Augustino
920 3780 1014 3838 visum
1024 3789 1068 3836 est
1080 3780 1225 3838 adulteros
1239 3780 1290 3851 qui

199 3878 466 3939 catechumenatum
480 3879 632 3953 aliquando
653 3880 784 3947 inierant,
805 3879 857 3937 sed
872 3878 1079 3937 consuetudine
1093 3898 1181 3955 prava
1193 3876 1292 3934 irretiti

198 3977 367 4036 distulerant
385 3979 571 4055 baptismum,
591 3978 776 4055 baptizandos
797 3997 861 4036 csse
875 3979 905 4036 in
926 3979 991 4036 vitae
1005 3977 1094 4044 exitu,
1115 3977 1183 4035 licet
1196 3971 1292 4031 cordis

199 4075 328 4135 dolorem
341 4075 466 4134 indicare
480 4097 536 4139 non
551 4073 698 4157 possent³

237 4280 280 4346 (l)
300 4279 377 4330 Cone
389 4279 446 4332 'l'ol
457 4280 489 4331 iv.
501 4297 555 4332 csn.
566 4281 616 4330 lvii.
822 4276 864 4342 (2)
884 4275 947 4339 Gap.
959 4273 1072 4336 Majorcs,
1085 4270 1113 4322 dc
1126 4271 1259 4340 baptismo.

484 4368 527 4433 (8)
545 4364 576 4414 Ιι.
586 4363 616 4416 dc
626 4360 763 4416 adulteim
777 4358 913 4426 conjugiis,
925 4373 946 4408 c.
957 4354 1026 4406 xxvi.

241 4459 318 4521 Ver..
334 4461 454 4522 111.-e
