3172 5172
628 540 686 602 DE
707 539 954 603 PROPOSITO.

680 992 822 1054 CAPUT
843 993 899 1053 111.

668 1209 707 1250 DE
728 1207 898 1250 Pnorosn'o.

286 1373 337 1430 26.
360 1369 543 1446 Propositum
568 1387 626 1427 non
645 1369 783 1446 peccandi
804 1368 839 1426 de
862 1376 964 1426 caetero
991 1367 1097 1440 requiri
1123 1368 1152 1426 in
1176 1368 1330 1444 poenitente

248 1479 359 1528 constat
384 1487 422 1526 ex
440 1467 561 1526 concilio
582 1463 779 1528 Tridentino.1
818 1466 894 1525 Illud
919 1465 1025 1526 includi
1045 1465 1205 1525 necessarii
1225 1468 1256 1526 in
1269 1469 1332 1544 ipso

245 1567 423 1634 contritionis
435 1577 514 1626 motu
527 1585 629 1626 omnes
643 1567 724 1625 facile
738 1566 912 1634 concedunt;
933 1585 986 1625 nec
1007 1567 1085 1624 enim
1104 1584 1171 1624 eum
1191 1584 1258 1626 vere
1277 1583 1335 1642 pee-

245 1668 315 1726 nitet
328 1666 528 1734 admissorum,
543 1666 592 1739 qui
605 1685 639 1724 ea
651 1666 682 1724 in
694 1675 841 1744 posterum
855 1667 942 1730 vitare
963 1665 1090 1724 nonsibi
1103 1666 1258 1744 proponit:
1279 1663 1331 1722 sed

154 1805 157 1814 ·
244 1775 339 1825 utrum
354 1764 480 1842 speciale
493 1767 671 1842 propositum
686 1765 856 1824 eliciendum
877 1765 914 1823 sit
929 1763 1097 1841 disputatur.
1140 1764 1240 1824 Placet
1251 1763 1333 1822 nobis

246 1865 387 1924 sententia
409 1863 441 1921 S.
464 1864 619 1941 Alphonsi,
641 1882 727 1937 quem
747 1865 850 1924 ducem
871 1864 902 1921 in
923 1864 1068 1941 plerisque
1088 1863 1243 1936 sequimur,
1270 1879 1335 1938 pro·

245 1965 371 2041 positum
385 1962 556 2022 eliciendum
570 1981 634 2021 esse
648 1964 673 2020 si
683 1963 718 2022 de
732 1965 826 2022 futuro
839 1970 967 2022 occurrat
979 1957 1140 2039 cogitatio,52
1152 1979 1217 2019 nam
1228 1960 1335 2018 securi·

246 2062 295 2120 tati
308 2080 367 2120 suae
379 2069 408 2118 et
421 2060 511 2120 valori
524 2064 692 2121 sacramenti
713 2061 922 2122 consulendum
935 2071 978 2119 est
991 2062 1085 2119 tutiori
1099 2059 1224 2118 ratione:
1245 2057 1297 2116 sed
1310 2059 1335 2116 si

245 2160 310 2234 quis
325 2177 390 2230 vere
405 2159 536 2228 doluerit,
549 2169 579 2218 et
591 2172 708 2238 peccata
721 2160 870 2220 confessus
884 2159 1093 2218 absolutionem
1104 2159 1254 2236 receperit,
1274 2175 1334 2216 non

244 2267 377 2335 putamus
392 2275 459 2316 eum
473 2259 569 2318 animo
592 2261 659 2337 angi
680 2261 793 2328 debere,
808 2261 862 2318 etsi
875 2256 1018 2318 existimet
1031 2277 1063 2316 se
1077 2258 1256 2336 propositum
1272 2273 1335 2333 spe-

244 2357 353 2416 cialiter
366 2355 442 2414 haud
452 2358 602 2418 elicuisse:
624 2379 690 2420 nam
710 2361 740 2419 in
757 2377 824 2418 vera
843 2358 1009 2418 contritione
1029 2355 1189 2416 necessarie
1210 2357 1294 2425 inest,
1309 2363 1337 2413 et

244 2455 448 2518 verosimiliter
473 2459 598 2519 elicitum
619 2458 682 2529 snit,
703 2459 771 2518 licet
790 2461 853 2538 ejus
875 2477 934 2517 non
954 2457 1128 2516 recordetur.
1170 2457 1229 2524 Qui
1243 2463 1337 2515 autern

244 2558 325 2616 novit
338 2566 370 2614 se
383 2559 562 2633 propositum
584 2557 661 2617 haud
680 2558 823 2627 elicuisse,
846 2576 937 2631 eoque
958 2558 1084 2616 caruisse
1103 2555 1225 2624 videtur,
1244 2555 1286 2612 uti
1298 2571 1340 2612 ex-

245 2654 324 2715 sacili
337 2655 420 2730 lapsu
444 2657 584 2732 suspicari
605 2665 658 2726 est,
680 2657 765 2716 debet
783 2658 868 2716 saluti
891 2676 949 2716 suae
970 2657 1128 2724 consulere,
1152 2653 1334 2714 confessione

244 2743 383 2813 iteranda.

284 2857 335 2913 27.
358 2851 487 2910 Firmum
511 2854 548 2911 sit
567 2855 745 2932 propositum
760 2873 879 2914 necesse
892 2864 945 2924 est,
960 2873 1064 2932 nempe
1085 2853 1227 2931 penitens
1252 2851 1337 2910 debet

246 2952 364 3011 omnino
375 2951 470 3010 animo
484 2953 522 3011 ita
531 2972 595 3012 esse
609 2954 776 3032 dispositus,
786 2964 818 3013 ut
830 2956 937 3014 nullius
951 2955 1019 3012 mali
1031 2954 1143 3022 timore,
1152 2952 1258 3012 nullius
1268 2951 1336 3010 boni

245 3050 391 3129 cupidine,
405 3050 475 3109 velit
488 3053 516 3112 in
530 3063 677 3130 posterum
687 3074 806 3132 peccare
820 3054 970 3114 lethaliter.
1012 3053 1142 3112 Necesse
1152 3051 1268 3125 quidem
1276 3069 1334 3109 non

245 3159 333 3211 estut
346 3148 420 3209 certo
434 3151 488 3215 sibi
509 3155 687 3231 persuadeat,
702 3173 733 3212 se
753 3173 900 3228 nunquam
912 3135 1114 3228 ‘relapsurum3
1136 3151 1187 3210 sed
1204 3151 1287 3208 debet
1305 3148 1335 3208 id

245 3250 300 3307 sibi
314 3268 485 3326 proponere,
500 3261 527 3309 et
539 3254 569 3311 in
592 3255 688 3312 animo
702 3253 805 3313 habere
828 3253 925 3311 omnia
943 3251 1078 3311 adhibere
1091 3249 1218 3310 subsidia
1231 3250 1333 3325 quibus

244 3356 394 3424 peccatum
408 3349 503 3408 evitet.
545 3351 631 3420 Quod
642 3353 667 3410 si
680 3353 823 3412 existimet
836 3371 867 3410 se
882 3351 958 3412 certd
972 3352 1160 3428 relapsurum,
1175 3349 1225 3410 vix
1238 3367 1335 3408 neces·

243 3447 351 3506 sarium
377 3451 558 3526 propositum
578 3452 681 3512 habere
707 3453 868 3512 censendus
887 3461 949 3510 est:
971 3470 1038 3510 nam
1057 3451 1104 3509 vel
1122 3468 1181 3509 non
1200 3450 1335 3527 proponit

244 3549 408 3606 necessaria
420 3548 556 3608 adhibere
578 3550 735 3629 fragilitatis
749 3551 885 3620 remedia,
899 3550 945 3611 vel
959 3550 1024 3611 Deo
1038 3550 1159 3630 adjutori
1178 3567 1237 3607 non
1259 3547 1330 3606 fidit.

243 3641 323 3702 Fieri
338 3644 457 3718 quidem
468 3655 563 3722 potest
575 3659 607 3707 ut
620 3669 678 3708 suae
693 3649 850 3728 fragilitatis
864 3651 1009 3720 conscius,
1023 3651 1119 3710 velex
1139 3649 1241 3707 mentis
1255 3647 1332 3706 infir·

243 3741 352 3810 mirate,
367 3743 417 3800 vix
431 3743 531 3802 audeat
543 3747 598 3805 sibi
616 3749 747 3824 polliceri
760 3749 880 3808 inbono
899 3751 1049 3826 proposito
1070 3747 1331 3826 perseverantiam:

243 3857 308 3914 quae
321 3842 426 3900 mentis
437 3843 608 3910 incertitudo
626 3865 683 3907 non
697 3847 809 3906 videtur
821 3849 942 3916 obstare,
955 3850 980 3907 si
993 3849 1062 3907 velit
1074 3847 1201 3907 remedia
1212 3845 1334 3905 fideliter

243 3941 391 4011 adhibere,
406 3950 435 4002 st
447 3942 503 4002 Dei
517 3944 653 4006 auxilium
664 3948 748 4005 enixe
763 3954 849 4025 petat.

283 4045 332 4101 28.
359 4040 534 4103 Universale
548 4042 631 4103 debet
649 4065 713 4104 esse
726 4047 917 4124 propositum,
932 4064 1009 4114 nam,
1024 4043 1142 4110 docente
1156 4045 1189 4104 S.
1205 4043 1331 4110 Thema,

243 4143 440 4218 “penitentia
452 4142 487 4202 de
501 4145 625 4221 peccatis
645 4147 810 4206 mortalibus
830 4145 958 4218 requirit,
973 4142 1051 4217 quod
1073 4145 1172 4213 horno,
1193 4149 1334 4221 proponat

246 4239 389 4302 abstinere
403 4243 437 4301 ab
455 4245 586 4304 omnibus
600 4255 629 4302 et
647 4239 816 4324 singulis.”³
847 4242 992 4317 Equidem
1013 4243 1063 4318 qni
1087 4263 1146 4304 non
1166 4241 1227 4302 vult
1239 4240 1337 4301 omnia

346 4409 390 4475 (¹)
410 4408 750 4481 senseresensere.
989 4411 1032 4478 (a)
1051 4408 1082 4460 1..
1094 4409 1124 4461 vr.
1137 4411 1233 4465 asso.

560 4497 598 4557 (³)
617 4496 650 4548 iii·
661 4513 686 4561 p.
697 4513 738 4562 qn
749 4497 852 4549 lxxxvii.
864 4503 908 4548 art.
919 4496 935 4548 i.
947 4496 977 4548 sd
991 4500 1012 4546 l.
