3144 5192
255 504 317 562 286
512 497 569 558 DE
590 495 775 556 MUNERE
796 495 1085 558 GONFESSARII.

257 669 328 728 iuter
340 665 530 726 consessionis
542 664 654 723 initium
674 671 702 722 et
715 663 920 723 absolutionem
942 665 1039 724 incitat
1051 663 1086 722 ad
1105 663 1274 726 libidinem:
1292 666 1343 739 qui

255 767 340 844 igitur
353 774 417 825 ante
430 763 525 838 aliqua
537 763 633 823 audita
645 771 771 840 peccata,
786 773 935 840 postquam
951 765 1091 840 poeultens
1105 782 1136 822 se
1150 764 1185 822 ad
1205 765 1343 824 confiten-

255 863 323 924 dum
338 873 493 942 paraverat,
507 864 612 940 praevia
631 862 812 922 consessione
825 863 961 939 generali,
971 880 1034 921 eam
1052 862 1194 940 impudice
1214 872 1341 931 tentaret,

257 965 287 1024 in
301 974 363 1025 sctu
372 964 561 1024 consessionis
575 962 732 1022 solicitasse
746 960 904 1021 diceretur:
919 963 961 1020 sic
974 970 1002 1018 ct
1022 964 1070 1034 qui
1084 961 1187 1022 auditis
1200 963 1341 1036 aliquibus

256 1065 389 1141 peccatis,
404 1062 458 1122 alid
479 1061 637 1129 diverteret,
652 1059 777 1118 tentandi
797 1079 860 1119 eam
880 1080 974 1129 causa,
990 1061 1035 1120 vel
1049 1062 1099 1134 qui
1119 1062 1228 1139 integra
1246 1061 1340 1121 audita

256 1163 446 1230 consessione,
468 1159 591 1218 tentandi
614 1167 755 1232 quereret
779 1162 961 1219 occasionem
984 1169 1048 1218 ante
1069 1161 1288 1230 absolutionem,
1309 1164 1339 1220 in

255 1271 317 1320 actu
337 1259 524 1319 consessionis
545 1259 676 1318 solicitat.
711 1258 744 1316 Si
763 1260 954 1318 confessarius
975 1260 1099 1332 inquirat
1123 1261 1172 1318 ubi
1197 1262 1337 1338 poenitens

253 1359 369 1426 habitet,
381 1375 500 1432 eamque
514 1367 594 1436 roget
612 1366 643 1416 ut
655 1367 788 1435 expectet
800 1378 866 1418 eum
888 1358 976 1426 domi,
992 1376 1167 1434 pravumque
1188 1360 1337 1418 consilium

255 1475 287 1516 se
300 1456 407 1516 fovisse
429 1457 565 1535 deinceps
578 1458 750 1527 manifestet,
765 1468 895 1517 censetur
917 1459 945 1516 iu
966 1458 1146 1516 consessione
1159 1449 1341 1516 solicitasse.l

255 1555 362 1615 Charta
376 1556 411 1616 ad
422 1575 553 1618 venerem
567 1557 698 1625 incitans,
708 1575 757 1615 seu
771 1557 870 1616 litterae
880 1557 1033 1625 amatorie,
1042 1558 1070 1616 iu
1081 1558 1211 1616 tribunali
1219 1557 1334 1624 traditae,

254 1654 452 1715 solicitatiouis
465 1656 552 1714 instar
560 1667 643 1714 sunt:
664 1655 795 1714 damnata
808 1659 915 1734 quippe
928 1666 972 1714 est
990 1657 1164 1732 propositio:
1186 1665 1205 1692 ‘⁶
1216 1655 1337 1715 Confes-

254 1755 346 1814 sarius
372 1755 423 1829 qui
445 1755 474 1814 in
499 1755 697 1814 sacramentali
719 1755 899 1815 confessione
920 1756 1015 1814 tribuit
1039 1757 1185 1832 poeuiteuti
1212 1756 1337 1815 chartam

254 1864 354 1932 postea
363 1853 523 1933 legendam,
538 1855 568 1912 in
582 1873 637 1926 qua
650 1852 685 1911 ad
699 1872 833 1913 venerem
842 1856 947 1923 incitat,
962 1874 1020 1915 nou
1033 1864 1165 1912 censetur
1179 1855 1336 1914 solicitasse

256 1954 285 2014 in
299 1956 491 2023 consessione,
506 1973 538 2012 ac
559 1952 676 2030 proinde
698 1971 754 2012 non
775 1962 819 2010 est
838 1946 1094 2013 denuntiandus.’'²
1133 1954 1208 2012 Ante
1230 1953 1338 2012 confes-

254 2054 366 2112 sionem
385 2054 505 2121 soliciat,
521 2055 570 2126 qui
591 2052 719 2110 confiteri
742 2053 885 2112 volentem
908 2053 942 2112 ad
964 2053 1110 2112 libidinem
1132 2053 1261 2120 traducit,
1275 2053 1338 2129 ejus

254 2150 339 2227 paulo
363 2161 430 2228 post
447 2150 656 2210 consessionem
677 2160 838 2227 exceptura.
881 2153 931 2210 Sic
953 2154 977 2209 si
998 2151 1121 2230 puellam
1143 2151 1231 2219 domi,
1245 2151 1290 2209 vel
1308 2153 1337 2209 in

254 2250 394 2318 cubiculo,
417 2258 559 2325 petentem
580 2249 789 2308 consessionem
812 2251 876 2324 quis
896 2250 1047 2309 libidinose
1067 2259 1201 2327 tangeret,
1222 2261 1249 2307 et
1274 2261 1339 2325 post

254 2350 339 2408 breve
359 2349 535 2408 intervallum
555 2351 585 2408 in
607 2349 727 2408 ecclesia
749 2350 930 2408 confitentem
953 2351 1108 2426 exciperet,
1129 2348 1338 2408 denuntiandus

253 2449 336 2508 soret.
358 2448 534 2508 immediate
542 2455 614 2528 post
627 2448 839 2507 consessionem
850 2449 980 2516 solicitat,
990 2447 1336 2520 quiauditaconsessione‚

253 2549 406 2624 poenitente
421 2548 548 2607 nondum
562 2548 689 2610 dimissa.
704 2547 799 2604 minus
819 2557 894 2604 caste
907 2566 938 2603 se
952 2548 1034 2623 gerit.
1068 2547 1139 2605 Item
1155 2549 1204 2619 qui
1224 2565 1286 2604 eam
1307 2547 1337 2604 in

253 2647 386 2714 ecclesia,
407 2646 452 2704 vel
477 2645 618 2711 cubiculo,
639 2645 802 2716 aliquandiu
829 2655 985 2704 morantem
1005 2663 1090 2722 prave
1111 2647 1271 2719 alloquitur,
1293 2645 1338 2703 vel

252 2744 368 2803 liberius
394 2743 497 2816 tangit:
520 2743 564 2799 vel
586 2743 670 2817 juxta
691 2742 840 2817 plurimos,
869 2743 917 2814 qui
942 2762 1005 2806 eam
1032 2744 1147 2804 domum
1174 2753 1337 2819 sequeretur

252 2860 345 2919 pravae
379 2841 613 2916 concupiscentiae
639 2839 742 2899 indicia
772 2843 811 2900 ibi
839 2836 980 2901 daturus.³
1032 2842 1114 2901 Licet
1141 2843 1337 2922 jurisdictione

250 2939 368 3000 caruerit
377 2938 522 3008 sacerdos,
531 2940 580 3012 qui
595 2941 624 2999 in
637 2941 817 3000 consessione
830 2943 992 3011 solicitavit,
1004 2942 1210 3002 denuntiandus
1224 2938 1291 3001 est.⁴

291 3044 361 3100 238.
387 3037 549 3100 Occasione
562 3039 760 3122 consessionis
774 3041 906 3110 solicitat,
928 3043 978 3116 qui
999 3041 1128 3100 confiteri
1147 3051 1288 3118 petentem
1304 3042 1338 3100 ad

250 3140 397 3200 libidinem
423 3139 563 3209 distrahit,
585 3141 630 3198 vel
650 3142 701 3214 qui
733 3161 769 3199 ex
794 3141 942 3218 fragilitate
968 3142 998 3200 in
1018 3141 1199 3200 confessione
1225 3141 1338 3220 cognita

250 3242 337 3298 sumit
349 3241 529 3299 occasionem
541 3258 602 3298 eam
617 3239 742 3298 tentandi
752 3235 776 3298 :⁵
795 3238 845 3298 sed
855 3241 903 3298 ubi
916 3249 991 3298 certa
1003 3259 1061 3326 non
1071 3249 1225 3317 suppetunt
1235 3240 1338 3300 indicia

248 3338 406 3398 occasionis
429 3339 494 3398 inde
515 3338 656 3409 derivatae,
677 3339 836 3398 censendus
859 3350 903 3397 est
926 3339 1042 3399 libidine
1062 3359 1113 3398 sua
1133 3348 1238 3399 motus.
1281 3339 1338 3406 Qui

250 3447 344 3496 autem
366 3438 469 3515 puellas
494 3438 541 3497 vel
561 3458 642 3508 voce,
669 3439 714 3496 vel
734 3439 816 3516 signo
838 3440 943 3513 aliquo,
965 3441 1074 3517 peccati
1099 3439 1129 3496 in
1154 3440 1336 3498 confessione

249 3537 381 3594 declarati
394 3539 561 3596 memoriam
574 3539 726 3605 refricaret,
747 3537 814 3596 dum
834 3538 902 3596 alias
922 3558 994 3604 eam¹
1006 3539 1169 3607 solicitaret,
1184 3541 1335 3598 occasione

249 3632 436 3692 consessionis
449 3636 607 3693 solicitasse
621 3637 722 3694 meritc
735 3645 907 3704 censeretur,
919 3647 947 3696 et
959 3657 1025 3696 reus
1035 3639 1108 3696 foret
1120 3637 1225 3715 proditi
1237 3639 1334 3715 sigilli.

249 3731 299 3789 Sic
317 3730 402 3787 etiam
423 3732 472 3804 qui
492 3732 614 3804 aliquam
636 3734 798 3802 solicitaret,
820 3737 987 3808 promittens
1013 3757 1045 3796 se
1065 3756 1128 3796 eam
1154 3738 1335 3796 confitentem

248 3831 385 3908 deinceps
399 3839 594 3908 excepturum,
608 3833 757 3890 occasione
772 3833 960 3894 consessionis
974 3836 1085 3894 videtur
1098 3829 1265 3896 solicitare.⁶

286 3935 356 3992 239.
377 3929 533 3990 Plateam
553 3930 750 4013 consessionis
770 3932 891 3993 solicitat
913 3936 961 4008 qui
986 3935 1049 3995 ficte
1070 3937 1169 3995 invitat
1188 3936 1335 3996 mulierem

283 4121 326 4187 (l)
346 4119 372 4168 S.
383 4118 482 4185 Alph.l.
494 4119 525 4168 vi.
538 4135 563 4168 n.
572 4121 628 4168 676.

283 4208 326 4271 (2)
342 4205 413 4269 Prop.
426 4204 469 4252 VI.
481 4205 511 4254 ab
522 4203 594 4254 Alex.
605 4204 661 4254 VII.
671 4207 703 4253 24
716 4205 782 4271 Sept.
799 4209 870 4254 1665.
882 4206 1004 4255 damnata.

282 4289 324 4353 (3)
347 4287 407 4337 Vide
418 4289 446 4338 P.
458 4289 600 4356 Philippum
620 4289 649 4339 de
670 4290 829 4341 Carboneano
848 4290 876 4340 in
894 4291 1027 4355 appendice
1046 4291 1077 4342 ad
1093 4299 1160 4342 tract.
1178 4291 1286 4342 Antoine
1303 4290 1333 4340 de

246 4371 329 4436 poenit.
805 4378 847 4442 (4)
866 4375 893 4426 S.
904 4376 979 4440 Alph.
991 4378 1006 4426 l.
1018 4378 1050 4428 vi.
1061 4395 1086 4429 n.
1099 4381 1156 4428 688.

281 4456 325 4522 (6)
344 4454 444 4518 Ibidem,
454 4471 479 4508 n.
492 4459 549 4508 678.
806 4462 848 4527 (6)
868 4460 966 4512 lbidem.
