3144 5192
284 529 344 588 270
658 519 800 581 CAPUT
820 518 1004 582 UNIOUM.

284 689 351 750 dare
372 689 479 750 litteras
499 685 694 748 dimissorias:
716 705 775 748 uon
794 687 872 746 enim
892 695 938 746 est
957 696 1035 747 aetus
1052 686 1271 766 jurisdictionis,
1286 707 1379 764 qaam

286 789 394 859 dicum,
408 789 601 848 concutiens.

323 893 374 948 21.
395 889 513 962 Absque
534 883 653 964 speciali
672 885 802 963 episcopi
825 884 960 946 mandato
979 885 1100 944 vicarius
1119 887 1258 963 generalis
1273 889 1380 960 nequit
1552 905 1554 940 l

285 990 393 1048 litteras
406 986 582 1048 dimissorias
602 984 770 1052 concedere,
784 986 840 1044 nisi
860 985 1016 1061 episcopus
1029 985 1067 1042 sit
1085 993 1165 1042 extra
1183 987 1375 1062 provinciam,

285 1087 332 1146 vel
344 1107 402 1148 una
421 1086 467 1146 vel
480 1086 567 1144 altera
579 1083 655 1143 dieta
671 1103 687 1142 e
700 1102 752 1142 rua
765 1081 882 1143 dioecesi
895 1081 990 1142 distet.
1034 1083 1213 1162 “Episcopo
1227 1095 1322 1143 autem
1342 1086 1374 1144 iu

285 1188 404 1248 remotis
427 1192 538 1263 agente
553 1183 645 1260 ipsius
665 1183 785 1244 vicarius
805 1183 956 1260 generalis,
970 1183 1046 1242 Sede
1067 1192 1184 1242 vacante
1206 1183 1372 1260 oapibrluna,

286 1304 336 1346 seu
350 1285 379 1344 id
399 1283 434 1342 ad
455 1301 540 1357 quem
561 1289 627 1340 tuuc
653 1281 790 1358 temporis
811 1280 1016 1342 administratio
1036 1282 1226 1360 spiritualium
1245 1283 1374 1341 noscitur

283 1384 435 1462 pertinere,
456 1381 523 1440 dare
548 1390 670 1458 possunt
694 1381 838 1441 licentiam
863 1378 1061 1440 ordinandi.’'l
1100 1381 1179 1440 Intra
1203 1400 1308 1441 aunum
1335 1384 1370 1440 ab

284 1483 413 1560 episcopi
435 1491 525 1542 morte
551 1481 715 1558 capitulum,
736 1479 782 1540 vel
800 1478 933 1540 diaecesis
956 1479 1173 1549 administrator,
1194 1499 1253 1540 uon
1277 1489 1373 1559 potest

284 1582 390 1641 litterar
404 1581 580 1641 dimissoriae
594 1579 762 1648 concedere,
776 1581 833 1640 nisi
852 1598 897 1639 res
910 1573 1033 1656 urgeat.2

322 1685 373 1738 22.
395 1679 550 1757 Regularer
568 1680 602 1737 ab
623 1681 761 1757 episeopo
774 1679 831 1738 loci
853 1681 883 1740 in
897 1697 954 1752 quo
967 1687 1011 1736 est
1023 1679 1239 1746 monasterium,
1254 1676 1369 1738 ordines

285 1780 430 1857 suscipere
453 1778 565 1846 debent,
585 1796 639 1836 nec
665 1778 700 1836 ad
726 1778 813 1838 alium
839 1781 1012 1857 episcopum
1043 1775 1149 1837 dimitti
1169 1787 1302 1854 possunt,
1319 1778 1377 1836 nisi

283 1879 382 1938 habito
402 1878 564 1938 testimonio
584 1877 681 1936 vicarii
703 1878 844 1954 generalis
865 1878 901 1938 de
927 1877 1058 1954 episcopi
1078 1877 1217 1946 absentia,
1231 1877 1277 1935 vel
1297 1875 1375 1949 quod

286 1979 488 2038 ordinationem
503 1995 560 2036 non
571 1977 609 2034 rit
620 1959 776 2035 habiturus.

528 2226 553 2302 §.
568 2227 623 2286 IV.
665 2225 713 2286 Du
734 2243 860 2286 uormcs
880 2244 1127 2286 onu1unuuoaun.

319 2415 369 2471 23.
391 2412 513 2471 Vocatio
526 2412 623 2473 divina
637 2414 755 2473 omnino
769 2414 930 2473 necessaria
950 2420 1037 2470 estut
1059 2411 1143 2469 liceat
1156 2410 1269 2470 ordines
1283 2413 1373 2470 susei-

281 2531 360 2590 pere,
376 2530 442 2572 nam
466 2531 519 2570 nec
533 2513 562 2571 in
583 2515 669 2573 veteri
683 2513 747 2591 lege
767 2513 937 2590 permissum
961 2518 1005 2568 est
1024 2521 1131 2569 temere
1151 2529 1231 2569 sacra
1255 2529 1372 2568 munera

281 2630 434 2686 usurpare:
458 2619 477 2646 “
489 2612 553 2668 Nec
567 2613 718 2685 quisquam
740 2612 827 2669 sumit
845 2611 899 2669 sibi
918 2610 1069 2677 honorem,
1084 2609 1135 2668 sed
1154 2611 1203 2684 qui
1225 2617 1340 2668 vocatur
1354 2629 1372 2666 a

279 2709 345 2767 Deo
360 2719 494 2780 tanquam
517 2708 622 2766 Aaron.
663 2709 713 2767 Sic
726 2717 755 2765 et
768 2706 902 2767 Christus
916 2728 973 2768 non
988 2710 1174 2785 semetipsum
1195 2709 1368 2775 clarificavit,

282 2816 314 2863 ut
327 2805 461 2863 Pontifex
474 2805 562 2873 fieret,
571 2806 622 2863 aed
631 2807 680 2879 qui
689 2806 825 2878 loquutus
835 2817 878 2864 est
892 2807 927 2866 ad
941 2827 1023 2867 eum:
1046 2807 1138 2866 Filius
1151 2827 1233 2867 meus
1247 2827 1278 2866 es
1292 2801 1371 2865 tu.”⁸

281 2903 399 2964 Monuit
411 2901 515 2960 ideirco
526 2903 660 2963 Christus
669 2904 814 2965 Dominus
828 2907 1002 2984 Apostolos:
1025 2907 1125 2965 “Non
1141 2926 1193 2965 ros
1208 2927 1253 2966 rue
1268 2906 1368 2984 elegis-

282 3005 328 3072 tis,
343 3002 393 3060 sed
407 3021 461 3079 ego
472 3002 547 3081 elegi
561 3002 662 3063 vos.”⁴
702 3005 852 3083 Praeoipua
865 3016 959 3065 autern
974 3007 1134 3064 vocationis
1148 3006 1251 3064 divinae
1265 3005 1371 3088 indicia

281 3112 347 3164 sunt
359 3101 383 3162 l.
399 3105 519 3162 scientia
532 3107 717 3164 conveniens.
732 3105 772 3164 ΙΙ.
788 3105 912 3182 probitas
922 3107 994 3163 vitae.
1009 3105 1064 3163 III.
1080 3104 1259 3164 desiderium
1273 3105 1370 3162 salutis

281 3224 339 3263 suae
354 3211 382 3261 et
395 3204 504 3262 alienae.
547 3202 605 3270 Qui
624 3205 655 3261 in
668 3205 857 3263 ministerium
871 3224 902 3263 se
926 3204 1027 3280 ingerit
1048 3204 1154 3276 absque
1168 3205 1328 3270 vocatione,
1343 3211 1371 3262 et

280 3322 338 3361 suae
352 3302 474 3370 utilitati,
487 3302 601 3371 honori,
616 3304 662 3362 vel
683 3304 820 3381 voluptati
841 3305 981 3380 praecipue
1005 3301 1132 3369 studens,
1147 3303 1241 3379 gravis
1261 3303 1369 3379 peccati

281 3419 346 3460 reus
360 3412 420 3458 est:
444 3402 533 3468 “Qui
552 3404 629 3460 enirn
643 3421 674 3460 se
687 3404 800 3480 ingerit,
815 3412 843 3461 et
856 3402 1000 3480 propriam
1015 3401 1135 3478 gloriam
1149 3401 1260 3474 quaerit,
1275 3402 1369 3478 gratim

281 3501 338 3558 Dei
357 3502 486 3576 rapinam
499 3501 574 3568 facit,
589 3509 617 3558 et
629 3500 694 3561 ideo
715 3521 773 3560 non
795 3503 898 3579 accipit
919 3500 1156 3566 benedictionem,
1171 3500 1222 3586 sed
1242 3499 1372 3558 maledic·

281 3592 438 3655 tionem.”⁵
478 3599 520 3655 Ita
541 3599 675 3674 praeclare
696 3600 794 3658 scribit
816 3601 848 3658 S.
876 3600 1043 3658 Anselmus.
1078 3599 1244 3676 Episcopus
1266 3609 1370 3656 temere

281 3693 414 3754 ordinans
427 3711 477 3752 eos
492 3696 541 3766 qui
555 3695 659 3754 indicia
671 3698 792 3756 caelestis
805 3699 963 3757 vocationis
974 3697 1049 3757 haud
1060 3698 1257 3774 praeseserunt,
1272 3717 1369 3758 eorum

280 3792 390 3871 peccati
404 3792 437 3849 fit
448 3793 601 3870 particeps,
616 3803 727 3854 tenetur
743 3797 820 3857 enim
835 3798 862 3854 vi
882 3800 928 3857 sui
949 3798 1076 3857 muneris
1098 3797 1216 3856 idoneos
1237 3797 1368 3857 homines

282 3894 385 3968 quibus
400 3911 478 3950 sacra
491 3911 609 3952 munera
622 3894 729 3966 credat,
748 3896 878 3974 seligere.
921 3899 956 3957 ln
969 3898 1055 3956 verba
1064 3895 1215 3974 Apostoli:
1240 3897 1374 3956 “Manus

280 3994 335 4054 citb
356 3994 465 4054 nemini
485 3995 668 4072 imposueris,
682 4015 774 4070 neque
795 3997 1048 4056 communicaveris
1069 3997 1192 4072 peccatis
1211 3995 1311 4054 alienis
1325 3989 1372 4052 :”⁶

280 4096 377 4154 scribit
390 4094 422 4151 S.
438 4093 499 4152 Leo
514 4113 521 4152 :
545 4103 563 4130 ‘⁶
576 4095 654 4162 Quid
666 4105 711 4154 est
723 4098 934 4157 communicare
947 4097 1073 4174 peccatis
1087 4090 1198 4163 alienis,
1214 4097 1272 4154 nisi
1287 4095 1370 4152 talem

314 4287 356 4361 (l)
377 4294 408 4343 G.
420 4295 494 4346 Cum.
506 4297 596 4354 nullus,
607 4298 637 4348 da
648 4304 721 4364 temp.
733 4298 782 4350 ord.
794 4299 821 4349 in
838 4301 861 4348 6.
954 4299 997 4365 (2)
1016 4297 1095 4348 Cone.
1111 4296 1179 4347 Trid.
1191 4297 1258 4348 Sese.
1269 4297 1309 4347 sii.
1320 4313 1342 4347 o.
1351 4312 1375 4360 r,

312 4382 356 4444 (3)
376 4379 440 4429 Heb.
452 4395 474 4428 v.
486 4382 511 4428 t.
950 4384 992 4450 (4)
1012 4383 1084 4433 Joan.
1093 4399 1134 4434 xv.
1148 4385 1187 4433 16.
1295 4385 1300 4392 ’

312 4465 354 4528 (t)
373 4462 403 4511 In
414 4479 435 4512 c.
446 4479 470 4515 v.
484 4463 514 4511 ad
526 4464 590 4513 Heb.
951 4469 993 4534 (6)
1016 4471 1027 4516 l
1041 4467 1107 4518 Tim.
1120 4483 1142 4516 v.
1154 4471 1196 4518 22.
