3118 5164
578 540 636 600 DE
657 538 948 600 BAPTIZANDIS.
1266 544 1305 598 tu

260 712 309 768 32.
331 708 449 775 Quoties
476 706 607 766 alteruter
625 727 728 784 parens
750 705 931 766 Catholicam
952 707 1099 784 profitetur
1123 704 1221 774 fidem,
1241 705 1308 766 licet

220 805 291 864 alter
315 827 378 866 eam
398 808 550 884 plusquam
569 808 713 866 vatiniano
737 807 804 866 odio
825 807 920 865 forsan
942 817 1141 884 prosequatur,
1168 805 1308 883 baptizari

217 915 315 982 potest
327 906 431 975 infans,
446 907 592 966 admonito
614 916 732 984 parente
752 905 904 965 catholieo
918 915 949 964 ut
961 925 1077 966 omnem
1089 914 1177 982 ponat
1189 924 1307 982 operam

217 1005 249 1062 in
264 1004 414 1064 catholica
427 1008 489 1084 ejus
504 1007 687 1065 institutione.
729 1005 814 1073 Quod
837 1006 863 1064 si
884 1005 956 1064 adeo
976 1014 1118 1082 torpescat
1137 1014 1168 1062 ut
1186 1003 1258 1063 nihil
1275 1024 1309 1063 ea

219 1103 298 1162 dere
313 1113 401 1173 curet,
421 1107 467 1164 vel
481 1107 505 1164 si
520 1106 582 1182 jam
603 1107 720 1183 conjugi
741 1124 772 1162 se
792 1105 959 1182 obligaverit
981 1105 1016 1164 ad
1040 1107 1067 1163 ei
1087 1102 1309 1182 permittendum

218 1205 302 1280 pueri
322 1205 351 1261 in
375 1203 477 1263 heresi
497 1203 707 1273 educationem,
728 1224 786 1262 non
805 1205 903 1262 licebit
921 1223 955 1263 ea
980 1203 1142 1262 conditione
1163 1203 1308 1280 baptizare

217 1301 366 1370 infantem,
381 1321 446 1360 cum
466 1303 617 1360 manifesto
636 1315 667 1362 et
683 1312 760 1361 certo
781 1305 932 1379 apostasiae
952 1303 1089 1379 periculo.
1131 1302 1308 1374 Plerumque

217 1401 337 1474 quidem
350 1401 522 1478 sperandum
543 1410 586 1472 est
606 1401 789 1460 Catholicum
803 1402 837 1459 ad
852 1401 1012 1477 Religionis
1025 1419 1142 1459 sensum
1156 1398 1310 1475 aliquando

217 1499 422 1568 revocandum,
437 1499 514 1558 etde
527 1520 680 1578 puerorum
701 1510 778 1558 recta
797 1501 971 1559 institutione
992 1501 1052 1558 sore
1074 1500 1226 1568 solicitum,
1249 1500 1309 1558 nisi

218 1599 400 1675 propositum
414 1600 586 1662 contrarium
600 1600 683 1677 plane
696 1600 799 1658 foveat.
842 1598 888 1657 De
907 1599 1102 1658 haereticorum
1127 1600 1309 1678 conjugibus,

219 1699 407 1775 proportione
431 1698 553 1770 quadam
573 1708 692 1767 servata,
713 1699 834 1776 intelligi
855 1707 978 1776 possunt
1002 1719 1066 1772 quae
1089 1698 1124 1756 de
1147 1699 1311 1758 Turcarum

219 1797 388 1855 mulieribus
403 1797 514 1856 decreta
526 1808 608 1857 sunt:
632 1800 762 1872 quamvis
776 1801 855 1858 enim
868 1800 992 1858 immane
1012 1800 1049 1857 sit
1071 1797 1224 1858 discrimen
1237 1799 1312 1855 inter

220 1895 399 1955 Mehumetis
420 1905 583 1966 sectatores,
607 1908 635 1956 et
654 1898 813 1968 haereticos,
834 1907 929 1956 tamen
948 1897 1017 1956 fidei
1036 1897 1181 1974 integritas
1204 1898 1312 1968 absque

220 1998 391 2054 sacramenti
404 1997 509 2074 injuria
521 2017 579 2056 non
592 1997 711 2057 laeditur.
753 1996 799 2056 De
819 1999 974 2057 mulierum
988 1996 1226 2064 Christianarum,
1247 2012 1311 2067 quae

219 2094 328 2152 Turcis
341 2106 507 2172 nupserant,
520 2097 597 2166 filiis,
612 2097 756 2156 decretum
769 2107 814 2155 est
826 2116 886 2166 eos,
900 2107 1001 2176 rogatu
1015 2096 1111 2154 metris
1125 2094 1312 2172 baptizandos

219 2194 254 2251 in
265 2194 330 2251 vitae
344 2193 519 2264 discrimine,
535 2195 715 2255 “admonitis
726 2197 872 2265 matribus,
885 2206 917 2254 ut
929 2199 954 2255 si
967 2196 1172 2263 convaluerint,
1187 2196 1267 2272 ipsos
1281 2195 1312 2252 in

221 2289 389 2350 Christiana
409 2294 548 2369 religione
571 2293 671 2352 sedulo
691 2294 811 2352 educare
832 2305 943 2353 curent.
984 2297 1017 2352 Si
1039 2294 1148 2352 nullum
1162 2293 1236 2351 adsit
1247 2294 1312 2351 vitre

221 2389 394 2467 periculum,
418 2400 494 2448 certa
518 2391 616 2468 regula
641 2393 780 2468 generalis
807 2400 907 2448 statuta
931 2411 990 2451 non
1015 2400 1069 2460 est,
1095 2409 1162 2449 cum
1186 2398 1314 2468 oporteat

223 2488 379 2566 diligenter
392 2508 491 2549 omnes
505 2490 669 2567 expendere
683 2490 922 2558 circumstantias,
937 2499 966 2548 et
978 2489 1146 2566 presertim,
1160 2489 1208 2547 vel
1220 2507 1271 2547 eos
1282 2489 1312 2546 in

224 2588 398 2668 evangelice
411 2589 483 2668 legis
496 2599 525 2648 et
537 2589 604 2649 fidei
617 2591 695 2649 cultu
709 2598 951 2668 perseveraturos,
972 2588 1018 2648 vel
1032 2587 1198 2648 Christiana
1211 2588 1314 2646 educa·

223 2686 301 2747 tione
315 2691 350 2748 ab
365 2690 507 2768 ejusmodi
518 2691 652 2748 matribus
663 2690 816 2759 fraudatos,
828 2689 1029 2748 Mahumetani
1037 2690 1125 2766 patris
1136 2689 1314 2767 impietatem

223 2797 373 2846 secuturos
386 2807 461 2846 esse.
504 2789 537 2846 Si
550 2789 721 2858 sacerdotes,
735 2799 886 2867 postquam
907 2791 954 2868 pie
967 2798 996 2848 et
1010 2789 1146 2866 religiose
1158 2790 1215 2849 hoc
1227 2805 1314 2866 nego·

223 2886 295 2944 tium
309 2886 375 2945 Deo
388 2886 660 2955 commendaverint,
675 2906 786 2960 equum
800 2890 964 2960 bonumque
978 2889 1153 2958 existiment,
1164 2887 1313 2966 predictos

224 2984 380 3043 infantulos
402 2985 557 3062 baptizare,
578 2984 608 3043 id
626 2985 742 3058 quidem
763 2987 899 3054 facerent,
920 2996 1023 3045 matres
1044 2996 1138 3045 tamen
1159 2987 1247 3064 enixe
1263 2985 1314 3044 ad·

224 3093 376 3144 monerent
388 3085 423 3143 de
436 3085 617 3163 gravissimo,
637 3103 696 3156 quo
717 3092 857 3153 tenentur,
872 3102 990 3142 munere
1004 3084 1079 3143 filios
1092 3084 1128 3142 de
1142 3083 1312 3144 christiana

223 3184 363 3261 religione
378 3182 477 3243 seduld
494 3179 682 3242 edocendi.”¹

266 3287 316 3341 33.
344 3284 433 3342 Pueri
455 3301 555 3342 omnes
581 3283 631 3356 qui
656 3301 740 3342 usum
757 3282 862 3343 habent
881 3283 1009 3351 rationis,
1031 3283 1170 3361 baptizari
1192 3293 1316 3361 possunt

115 3423 120 3440 .
225 3382 322 3441 invitis
336 3382 510 3460 parentibus,
524 3383 549 3439 si
562 3383 619 3458 ipsi
632 3383 685 3441 rite
699 3383 828 3442 instructi
841 3390 938 3460 petant
948 3383 1131 3459 baptismum,
1146 3383 1214 3456 quia
1226 3385 1256 3443 in
1268 3384 1314 3443 his

228 3499 292 3554 qum
301 3484 376 3560 juris
390 3481 479 3540 divini
493 3489 568 3550 sunt,
582 3481 629 3540 vel
651 3482 797 3551 naturalis,
819 3484 864 3541 sni
879 3482 952 3559 juris
974 3490 1048 3540 sunt.
1091 3483 1264 3550 “Quantum
1279 3483 1314 3541 ad

227 3599 271 3648 ee,
285 3600 349 3655 que
362 3590 428 3642 sunt
435 3582 509 3660 juris
523 3582 623 3652 divini,
638 3582 684 3641 vel
693 3583 840 3651 naturalis,
851 3582 992 3660 incipiunt
1001 3600 1061 3640 sue
1071 3584 1220 3658 potestatis
1232 3600 1313 3656 esse3

228 3687 258 3737 et
268 3680 334 3741 ideo
345 3683 462 3761 propria
474 3682 616 3741 voluntate
635 3682 732 3741 invitis
752 3683 914 3759 parentibus
934 3690 1055 3760 possunt
1067 3681 1239 3759 baptismum
1253 3701 1316 3742 sus·

228 3771 335 3856 cipere,
362 3783 436 3840 sicut
461 3791 490 3839 et
520 3782 733 3841 matrimonium
758 3781 934 3841 contrahere.
988 3782 1029 3840 Et
1053 3781 1119 3841 ideo
1144 3782 1213 3841 tales
1238 3782 1315 3841 licite

227 3881 339 3937 moneri
365 3889 486 3956 possunt
509 3888 538 3938 et
558 3881 655 3940 induci
680 3880 717 3939 ad
742 3881 957 3960 suscipiendum
983 3877 1207 3958 baptismum.'’'
1256 3881 1316 3939 Sed

229 3974 380 4052 diligenter
392 3978 549 4038 instruendi
568 3989 644 4050 sunt,
664 3989 693 4038 et
713 3981 873 4057 periculum
893 3979 1059 4039 defectionis
1079 3977 1314 4056 praecavendum:

229 4075 308 4148 quod
321 4077 347 4133 si
360 4076 446 4134 enixe
459 4086 555 4152 petant
566 4080 752 4156 baptismum,
773 4097 832 4138 non
853 4080 922 4138 licet
941 4097 992 4136 eos
1012 4080 1130 4156 rejicere
1144 4076 1315 4136 offensionis

228 4184 393 4252 parentum,
407 4172 455 4232 vel
466 4176 525 4233 odii
537 4179 654 4254 publici,
674 4178 722 4236 vel
734 4178 848 4236 alterius
861 4175 1037 4237 incommodi
1049 4184 1144 4234 metu:
1167 4193 1255 4248 quum
1265 4177 1314 4256 jus

327 4422 371 4486 (1)
390 4417 483 4469 bened
495 4416 565 4466 XIV.
573 4433 611 4482 ep.
623 4419 654 4468 ad
666 4418 882 4483 Archiepisoopum
894 4417 1050 4467 Tarsensem.
1111 4435 1114 4444 ι

327 4506 369 4573 (2)
388 4503 422 4554 iii.
433 4520 458 4570 p.
466 4519 507 4568 qu.
515 4502 592 4552 lxviii.
604 4509 646 4553 art.
658 4519 683 4554 x.
718 4502 795 4571 Καρ.
832 4502 892 4554 Vide
903 4508 928 4552 et
939 4502 965 4550 S.
975 4503 1049 4567 Alpb.
1061 4502 1077 4552 l.
1088 4518 1111 4551 v.
1120 4517 1146 4554 n.
1160 4506 1218 4554 tes.
