3144 5192
608 553 750 614 CAPUT
772 551 955 614 UNIOUM.
1245 559 1305 616 273

215 721 349 788 sacerdos
362 719 429 781 dare
442 729 537 798 potest
549 728 694 780 tonsuram
708 729 738 778 et
758 719 874 778 ordines
894 718 1030 786 minores,
1044 718 1104 777 imo
1118 725 1147 775 et
1159 717 1305 778 subdiaco-

217 825 333 890 natum3
360 841 423 895 quae
445 820 564 880 facultas
587 820 736 879 consueuit
758 818 902 879 abbatibus
922 816 1051 877 concedi.
1093 816 1182 876 Multi
1201 827 1306 895 negant

217 921 355 980 sacerdoti
369 921 453 980 tribui
466 937 552 997 posse
572 929 742 996 potestatem
764 917 942 977 diaconatum
966 915 1141 976 conferendi.
1184 914 1306 975 Constat

217 1020 336 1088 nemini,
358 1022 408 1093 qui
431 1021 584 1096 episcopus
607 1037 666 1078 non
689 1020 736 1087 sit,
757 1017 818 1077 dari
839 1034 925 1094 posse
951 1023 1120 1093 potestatem
1141 1015 1307 1074 conferendi

216 1118 415 1187 sacerdotium,
430 1119 477 1177 vel
488 1120 707 1196 episcopatume
730 1117 759 1176 id
779 1118 856 1176 enim
876 1124 1014 1194 perpetua
1030 1114 1172 1174 Ecclesia
1186 1134 1306 1176 consue·

219 1219 286 1278 tudo
299 1227 328 1276 et
340 1218 453 1276 traditio
467 1217 560 1277 docet.

259 1322 306 1375 la.
329 1316 374 1376 Ad
395 1318 593 1393 episcopatum
612 1313 817 1373 conferendum
837 1314 957 1390 exlege
978 1313 1119 1372 Ecclesia
1139 1320 1196 1369 tres
1215 1317 1309 1386 requi·

206 1418 318 1475 'runtur
330 1416 477 1493 episcopi:
500 1413 731 1491 “episcopum”
746 1413 877 1487 inquiunt
896 1413 1011 1471 Nieaeni
1030 1421 1123 1489 patres
1145 1418 1164 1446 “
1176 1415 1310 1473 convenit

219 1514 345 1573 maxime
359 1513 476 1587 quidem
490 1513 523 1570 ab
537 1513 668 1571 omnibus
682 1513 809 1585 quisunt
822 1510 1162 1587 inprovinciaepiscopis
1173 1511 1307 1570 ordinari.

220 1613 252 1672 si
267 1621 362 1672 autem
375 1613 431 1672 hoc
445 1611 561 1671 difficile
574 1610 668 1678 luerit,
683 1618 733 1670 aut
744 1619 859 1688 propter
871 1611 1024 1670 instantem
1037 1610 1246 1680 necessitatem,
1262 1619 1310 1669 aut

219 1712 458 1789 propteritineris
470 1708 679 1788 longitudinem
692 1729 699 1778 ;
721 1710 809 1768 tribus
830 1719 923 1776 tamen
943 1708 1115 1769 omnimodis
1128 1709 1158 1767 in
1172 1709 1202 1768 id
1214 1712 1310 1788 ipsum

219 1811 464 1878 convenientibus,
480 1819 546 1868 tune
560 1809 701 1868 ordinatio
714 1803 919 1868 celebretur.'’l
959 1807 1098 1867 Sufficere
1114 1817 1208 1868 tamen
1220 1828 1311 1868 unum

218 1911 388 1987 episcopum
402 1918 433 1967 ut
445 1908 537 1966 valeat
549 1909 735 1972 consecratio.
751 1907 881 1984 plurimis
899 1909 1034 1983 probatur
1047 1907 1310 1984 dispensationibus

219 2008 372 2086 pontificiis
398 2007 517 2066 vetustis
544 2016 573 2065 et
604 2007 819 2075 recentioribus,
847 2007 968 2080 aliisque
998 2015 1126 2066 veterum
1158 2007 1310 2084 exemplis.

220 2107 421 2167 Theodoretus
435 2115 550 2166 testatur
563 2105 721 2183 Evagrium
736 2115 934 2164 consecratum
947 2105 1036 2164 fuisse
1050 2107 1218 2183 episcopum
1233 2106 1313 2164 Anti·

216 2207 359 2266 cehenum
381 2225 396 2262 a
416 2205 478 2266 solo
499 2205 632 2274 Paulino,
647 2225 734 2278 quam
754 2214 850 2264 tamen
870 2204 1081 2264 ordinationem
1102 2213 1190 2264 ratam
1211 2205 1310 2265 habuit

222 2305 355 2366 Ecclesia
379 2306 409 2362 in
428 2303 550 2381 Synodo
576 2296 735 2364 Romana.²
775 2303 922 2378 Equidem
943 2322 1078 2370 canones,
1100 2304 1202 2377 quibus
1228 2305 1312 2362 trium

222 2404 423 2480 episcoporum
451 2422 539 2480 opera
564 2405 698 2481 exigitur,
719 2403 881 2462 concedunt
905 2411 937 2460 ut
961 2403 1130 2461 necessitate
1155 2410 1314 2480 urgentes

222 2499 678 2580 duobusepiscopusordinetur.³
717 2502 853 2579 Pelagius
865 2501 1147 2562 Pontifexaduobus
1157 2501 1312 2579 episeopis,

222 2604 392 2679 presbytero
412 2603 578 2671 adsistente,
593 2611 776 2662 consecratus
790 2612 842 2671 est,
857 2603 898 2660 uti
911 2602 995 2661 refert
1015 2601 1184 2660 Anastasius
1205 2599 1313 2660 Biblio-

223 2702 365 2765 theoarius
379 2703 409 2760 in
423 2704 485 2780 ejus
499 2703 566 2760 vita.
609 2701 767 2761 Dioscorus
781 2701 991 2760 Alexandrinus
1005 2721 1021 2758 a
1035 2700 1146 2760 duobus
1167 2701 1313 2778 episeopis

222 2819 327 2862 munus
348 2800 572 2861 consecrationis
592 2795 745 2876 suscepit.⁴
784 2800 913 2859 Siderius
932 2800 1101 2859 Palaebisca
1121 2801 1276 2878 episcopus
1298 2819 1314 2856 a

222 2899 348 2959 Philone
375 2899 540 2976 Cyrenensi
560 2899 624 2958 solo
650 2898 796 2959 ordinatus
817 2895 886 2958 ost.⁵
925 2899 1086 2976 Augustino
1112 2901 1256 2958 concessit
1280 2899 1313 2956 S.

224 2999 395 3075 Gregorius
411 2999 455 3057 M.
482 2999 637 3074 episcopos
671 2997 801 3056 ordinare
827 2998 934 3071 absque
960 2998 1079 3056 aliorum
1113 2999 1313 3076 episcoporum

223 3114 329 3174 opera:
353 3097 422 3156 “Et
441 3096 558 3170 quidem
578 3097 608 3155 in
628 3096 788 3174 Anglorum
809 3097 939 3165 ecclesia,
954 3097 984 3155 in
1004 3115 1059 3168 qua
1081 3094 1172 3154 adhuc
1192 3097 1272 3155 solus
1286 3105 1316 3152 tu

224 3196 380 3273 episcopus
389 3197 535 3264 inveniris,
544 3195 676 3256 ordinare
686 3197 857 3274 episcopum
870 3213 928 3254 non
939 3196 1021 3254 aliter
1029 3195 1086 3253 nisi
1099 3195 1160 3252 sine
1170 3195 1315 3271 episeopis

224 3287 357 3373 potes.”⁶
395 3295 474 3354 Dicit
498 3295 630 3356 Thomas
644 3297 754 3364 Brona,
777 3291 930 3376 (Browne)
952 3295 1146 3371 Anglieanus:
1175 3295 1316 3352 “Multos

226 3395 381 3473 episcopos
402 3394 526 3474 reperire
540 3404 584 3454 est
597 3397 631 3454 ab
645 3415 702 3455 urio
715 3396 779 3455 solo
800 3397 939 3474 episcopo
952 3393 1107 3462 ordinatos,
1121 3411 1243 3465 quorum
1257 3402 1318 3454 rata

226 3493 279 3554 fuit
298 3495 456 3564 ordinatim
477 3513 544 3556 cum
567 3496 652 3557 talam
675 3495 881 3556 ordinationem
901 3493 984 3553 sedes
1006 3493 1137 3562 Romana
1160 3494 1215 3552 sibi
1235 3498 1318 3567 quasi

223 3597 349 3672 speciale
362 3611 501 3667 προνομων,
515 3604 544 3654 et
556 3596 771 3674 prerogativam
785 3595 911 3654 vindicet
923 3607 954 3652 ut
967 3613 1003 3652 ex
1017 3593 1140 3652 concilio
1153 3591 1293 3653 discimus
1307 3617 1314 3654 ε

224 3711 299 3756 unus
313 3696 466 3774 episcopus
480 3697 651 3774 episcopum
664 3713 722 3756 non
736 3695 857 3765 ordinet,
872 3703 992 3772 excepta
1004 3693 1125 3755 ecclesia
1138 3689 1320 3756 Romana.”⁷

262 3863 304 3927 (l)
325 3862 387 3911 Cen.
399 3863 431 3912 iv.
700 3863 742 3929 (2)
763 3859 827 3913 Hist.
842 3862 910 3913 Eccl.
922 3864 938 3913 l.
947 3879 970 3911 v.
982 3879 1003 3912 c.
1015 3862 1084 3912 xxiii.

262 3945 306 4010 (a)
327 3945 430 3994 constit.
443 3946 516 3995 Alex.
526 3963 548 3996 o.
559 3963 582 3996 v.
594 3946 770 4012 apud-Eoohel.
781 3947 811 3996 de
825 3947 894 3997 Eecl.
905 3948 977 3998 Alex.
989 3947 1049 4010 orig.

266 4029 308 4096 (4)
327 4027 391 4077 Vide
402 4029 471 4093 epist.
482 4031 651 4096 episcoporum
661 4032 736 4082 Ponti
747 4033 778 4082 ad
795 4031 904 4082 Leonem
921 4031 982 4097 Imp.
994 4031 1058 4096 apud
1070 4030 1127 4080 Bin.
1140 4029 1217 4078 Cone.
1230 4035 1246 4077 t.
1257 4028 1282 4078 ii.
1295 4044 1318 4093 p.

227 4113 286 4165 400.
295 4112 354 4164 edit.
365 4128 405 4162 an.
419 4116 494 4165 161⁸.

266 4201 309 4266 (5)
329 4197 417 4263 Synes.
429 4200 498 4264 epist.
510 4201 577 4252 lxvii.
588 4218 612 4267 p.
622 4205 672 4253 210
683 4203 740 4254 edit.
752 4205 805 4254 Pet

263 4286 305 4352 (6)
326 4283 402 4350 Apud
420 4282 482 4336 Bed.
498 4284 555 4336 hist.
572 4285 640 4337 Eccl.
657 4287 673 4337 1.
690 4287 706 4336 i.
724 4304 745 4338 o.
769 4289 846 4339 xxvii.
866 4286 1008 4337 Lectionem
1035 4289 1180 4350 propugnat,
1199 4291 1224 4334 st
1240 4299 1319 4336 unum

226 4367 337 4420 difficere
347 4369 489 4435 episcopum
500 4371 606 4422 ostendit
615 4371 763 4436 steregirrs
773 4373 800 4424 in
811 4375 897 4423 Armot
907 4372 938 4422 ad
950 4370 1013 4420 can.
1028 4371 1077 4436 Ap.
1092 4370 1109 4419 i.
1136 4369 1199 4423 Vide
1210 4376 1234 4421 et
1245 4370 1321 4434 Bing-

225 4453 285 4504 hsm
296 4453 371 4518 antiq.
383 4453 452 4504 Eecl.

265 4539 309 4607 (7)
330 4537 421 4591 Thom.
434 4539 511 4591 an.
518 4538 595 4607 judic.
606 4539 636 4591 de
649 4540 712 4592 Gan.
723 4547 748 4592 et
760 4542 846 4594 Oonst.
857 4541 944 4607 Apost
955 4556 980 4591 n.
991 4540 1059 4592 xviii.
