3172 5172
274 535 313 590 78
464 529 521 589 DE
542 528 835 593 EUOHARISTIA
854 531 1163 592 MINISTRANDA.

273 697 403 757 nonnulli
423 697 510 757 licere
529 715 594 756 eam
621 699 651 757 in
671 697 814 757 cochleari
834 699 970 775 prebere,
991 699 1059 772 quia
1086 699 1273 758 “necessitas
1299 699 1360 757 talis

273 795 383 856 videtur
395 815 533 856 excusare
547 817 564 855 a
576 797 659 856 solito
672 798 727 856 ritu
740 797 880 856 Ecclesiae
890 790 938 855 :”¹
957 799 1017 858 imo
1032 798 1213 867 moribundo,
1235 799 1283 872 qui
1297 798 1362 856 hos·

273 898 341 956 tiam
356 897 494 976 deglutire
508 898 616 970 nequit,
637 904 736 974 pulsnt
747 897 913 974 particulam
933 917 1000 956 oum
1013 899 1082 957 vino
1094 899 1123 957 in
1138 898 1280 957 cochleari
1294 897 1361 955 dan·

273 992 366 1056 dam.²

314 1101 363 1155 ³1.
386 1094 556 1155 “Sacerdos
578 1094 705 1173 podagra
726 1095 858 1155 laborans
879 1106 972 1174 potest
985 1097 1089 1156 deferri
1110 1096 1144 1156 ad
1166 1097 1262 1165 altare,
1277 1106 1308 1154 ot
1322 1095 1362 1153 ibi

273 1196 436 1254 Ecclesiam
450 1193 636 1264 administret,
651 1196 763 1254 seclusa
776 1203 868 1256 tamen
884 1196 937 1254 alia
950 1190 1190 1273 prohibitionc.”³

312 1298 361 1352 32.
384 1293 479 1352 Grave
492 1304 537 1352 cst
549 1304 696 1370 peccatum
716 1295 858 1354 Ecclesiae
878 1294 1069 1372 disciplinam,
1091 1315 1147 1370 qua
1166 1296 1219 1354 sub
1233 1313 1289 1352 una
1303 1303 1361 1352 tan·

272 1403 331 1452 tum
346 1394 428 1470 panis
442 1395 540 1470 specie
550 1393 733 1454 Eucharistia
745 1394 835 1463 datur,
849 1395 974 1463 violare;
995 1415 1061 1455 nam
1075 1394 1144 1454 ordo
1155 1395 1184 1452 in
1197 1413 1227 1454 re
1241 1383 1360 1452 maximi

274 1494 413 1552 momenti
427 1493 562 1561 turbatur,
584 1501 612 1550 et
630 1494 734 1552 haeresi
746 1513 845 1553 eorum
860 1497 910 1569 qui
924 1504 1030 1572 negant
1043 1505 1132 1555 totum
1147 1493 1296 1552 Christum
1310 1493 1363 1549 sub

272 1593 405 1651 altemtra
417 1594 514 1669 specie
527 1592 666 1652 contineri
675 1594 794 1652 fovetur.
836 1594 981 1668 Equidem
1001 1595 1116 1669 antiqua
1135 1594 1188 1652 suit
1207 1592 1361 1671 disciplina

270 1701 418 1766 utramque
431 1693 573 1768 praebere3
592 1692 642 1750 sed
664 1693 700 1750 ob
720 1694 902 1770 gravissimas
923 1694 1045 1754 rationes
1065 1693 1201 1771 paulatim
1215 1693 1362 1750 immutata

271 1801 324 1862 est,
339 1809 459 1864 quarum
473 1791 645 1868 praecipuam
665 1792 751 1850 refert
771 1793 803 1849 S.
817 1791 963 1850 Thomas:
988 1793 1069 1851 “Ex
1089 1803 1168 1870 parte
1182 1792 1358 1849 sumentium

272 1893 424 1967 requiritur
437 1910 550 1950 summa
564 1892 729 1959 reverentia,
744 1900 772 1948 et
785 1890 904 1959 cautela,
919 1909 954 1950 ne
966 1890 1072 1964 aliquid
1086 1890 1195 1950 accidat
1209 1888 1285 1962 quod
1299 1908 1359 1946 ver·

271 2002 320 2069 gat
332 1990 366 2048 ad
381 1992 515 2069 injuriam
536 1991 605 2048 tanti
619 1991 761 2067 mysterii.
803 1989 889 2057 Quod
910 1991 1055 2068 praecipue
1069 1997 1167 2067 posset
1187 1988 1315 2046 accidere
1328 1989 1360 2045 in

271 2091 417 2167 sanguinis
439 2091 619 2165 sumptione:
641 2089 826 2164 quiquidem
850 2089 876 2145 si
895 2091 1007 2149 incaute
1027 2099 1195 2156 sumeretur,
1224 2088 1260 2146 de
1280 2087 1359 2146 sacili

270 2199 368 2267 posset
381 2187 499 2247 effundi.
541 2183 582 2246 Et
602 2190 669 2262 quia
689 2190 778 2247 crevit
796 2189 947 2249 multitudo
967 2189 1068 2266 populi
1087 2188 1243 2255 christiani,
1257 2188 1287 2246 in
1301 2205 1359 2260 qua

270 2289 449 2349 continentur
462 2305 547 2346 senes
567 2297 597 2346 et
611 2289 733 2366 juvenes
753 2297 782 2346 et
801 2289 922 2365 parvuli,
943 2307 1065 2364 quorum
1082 2288 1199 2361 quidam
1213 2305 1273 2346 non
1293 2296 1360 2346 sunt

271 2398 352 2449 tants
363 2387 554 2464 discretionis,
569 2397 600 2446 ut
612 2389 751 2447 cautelam
764 2387 889 2447 debitam
904 2390 980 2448 circa
992 2407 1076 2447 usum
1090 2387 1177 2467 hujus
1190 2389 1359 2446 sacramenti

269 2489 437 2556 adhibeant3
459 2488 524 2546 idco
538 2488 656 2564 provide
670 2490 700 2547 in
714 2486 884 2561 quibusdam
905 2488 1035 2548 ecclesiis
1055 2488 1230 2555 observatur,
1245 2495 1276 2544 ut
1286 2505 1361 2562 pop·

269 2588 317 2647 ulo
330 2588 446 2664 sanguis
460 2585 614 2645 sumendus
628 2604 685 2645 non
698 2585 788 2654 detur,
810 2586 861 2644 sed
882 2588 976 2646 solum
991 2607 1007 2644 a
1020 2585 1166 2644 sacerdote
1180 2579 1359 2644 sumator.'’⁴

267 2686 464 2746 Invalescente
473 2685 534 2761 jam
549 2682 625 2760 apud
638 2701 738 2743 omncs
759 2684 896 2742 ecclesias
915 2687 986 2744 ritus
1006 2683 1103 2742 Latini
1118 2684 1172 2743 hac
1192 2682 1357 2760 disciplina,

266 2795 323 2844 non
333 2783 399 2842 licet
409 2784 443 2841 ah
456 2801 489 2840 ea
502 2783 645 2850 recedere,
656 2783 739 2841 etiam
750 2791 782 2840 ut
791 2783 923 2842 viaticum
933 2784 1090 2862 subspecie
1100 2784 1160 2843 vini
1173 2781 1255 2842 detur
1268 2782 1357 2842 mori-

265 2885 371 2952 bundo,
397 2884 446 2957 qui
466 2901 523 2942 non
543 2891 636 2960 potest
655 2882 794 2960 deglutire
817 2883 951 2953 hostiam,
972 2902 1038 2942 nam
1060 2884 1200 2962 generalis
1220 2882 1291 2943 ordo
1311 2893 1357 2941 est

266 2987 405 3064 cujusque
419 2983 531 3041 utilitati
551 2982 759 3045 anteferendus.

307 3090 355 3144 33.
372 3092 391 3121 “
400 3085 435 3144 ln
445 3083 547 3143 Missis
555 3083 753 3143 defunctomm
764 3102 826 3157 quae
837 3084 866 3142 in
878 3068 1050 3160 paramentis
1060 3083 1150 3162 nigris
1165 3083 1355 3148 celebrantur,

266 3203 324 3244 non
343 3185 519 3244 ministretur
539 3183 721 3242 Eucharistia
740 3201 793 3261 per
813 3182 929 3242 modum
949 3184 1130 3252 sacramenti,
1154 3183 1263 3243 scilicet
1289 3199 1356 3241 oum

266 3283 412 3360 particulis
426 3284 668 3358 praeconsecratis,
689 3282 864 3342 extrahendo
877 3284 1017 3360 pyxidem
1039 3302 1055 3340 a
1074 3281 1213 3342 custodia.
1256 3283 1358 3342 Potest

267 3393 361 3443 tamen
376 3382 527 3441 ministrari
547 3400 599 3458 per
618 3382 736 3442 modum
756 3383 899 3450 sacrificii,
920 3392 1005 3459 prout
1023 3391 1067 3441 est
1090 3381 1204 3456 qnando
1223 3380 1356 3440 fidelibus

265 3483 405 3559 praebetur
431 3482 594 3539 communio
615 3501 680 3540 curn
701 3481 845 3558 particulis
865 3482 939 3539 intra
965 3479 1087 3539 eandem
1111 3481 1235 3538 Missam
1254 3495 1355 3537 conse·

264 3580 381 3636 cratis.”
424 3578 467 3635 lta
487 3570 610 3656 decrevit
630 3579 663 3636 S.
686 3578 781 3655 Oong.
803 3579 923 3636 Rituum
945 3580 975 3637 in
997 3577 1144 3656 Aqucnoi,
1166 3577 1247 3653 Sept.
1264 3579 1352 3636 1741.

265 3676 411 3736 Oaetemm
423 3676 448 3732 si
462 3676 639 3734 celebrentur
652 3679 681 3736 in
695 3677 868 3753 paramentis
889 3677 1035 3745 violaceis,
1057 3677 1133 3748 quod
1146 3675 1232 3734 licere
1245 3695 1283 3735 ex
1297 3676 1352 3734 alio

264 3777 379 3837 decreto
398 3775 443 3833 die
465 3778 500 3832 21
524 3775 605 3833 Junii
628 3780 715 3845 1670,
739 3777 773 3835 io
792 3775 936 3845 Pediano,
958 3774 1109 3852 colligitur,
1131 3776 1235 3852 poterit
1253 3776 1353 3837 minis-

265 3879 330 3936 trari
343 3879 424 3944 intra,
444 3883 473 3932 ct
492 3885 567 3944 ante,
588 3884 616 3934 et
635 3885 701 3953 post
714 3876 848 3934 Missam.
890 3877 960 3935 Non
978 3876 1046 3935 licet
1058 3893 1121 3935 cam
1142 3876 1301 3936 ministrare
1322 3878 1352 3935 in

265 3977 436 4056 paramentis
456 3975 630 4052 nigricante
651 3977 696 4034 vel
716 3985 782 4052 post
802 3975 925 4034 Missam
945 3973 1162 4044 defunctorums
1183 3976 1235 4035 sed
1256 3979 1291 4037 iis
1305 3977 1353 4035 de·

264 4079 377 4156 positis,
398 4075 470 4135 stola
489 4076 561 4142 alba,
586 4076 630 4134 vel
651 4095 713 4149 quae
734 4075 823 4134 colori
844 4075 932 4136 officii
953 4074 1030 4134 illius
1050 4075 1108 4134 diei
1130 4079 1289 4142 conveniat,
1310 4094 1352 4132 as-

264 4177 404 4238 sumenda
421 4177 483 4236 erit.

421 4346 463 4410 (1)
483 4342 509 4392 S.
520 4341 595 4406 Alph.
605 4343 620 4392 l.
633 4343 664 4402 ri,
675 4359 700 4391 n.
712 4344 769 4390 244.
972 4345 1014 4411 (2)
1033 4343 1131 4401 Ibidem,
1143 4357 1167 4396 o·
1179 4343 1236 4394 288.

412 4427 456 4490 (3)
475 4425 643 4474 Busembaum
654 4425 719 4490 apud
731 4425 757 4475 S.
769 4424 843 4490 Alph.
854 4425 870 4473 l.
883 4427 914 4475 vi.
926 4441 951 4476 n.
962 4427 1019 4478 244.

416 4508 458 4576 (4)
475 4507 510 4560 iit
521 4522 546 4574 p.
557 4523 598 4572 qu.
610 4508 678 4558 lxxx.
690 4515 733 4564 art-
745 4509 787 4559 xii.
822 4507 916 4580 Reum}

1561 767 1563 820 l

1563 1456 1565 1541 l
