3108 5162
251 535 311 596 tot
448 531 507 594 DE
528 529 850 592 lMPEDIMEN'l’lS
871 528 1146 590 MATRIMONII.
1178 592 1181 598 ,

252 707 355 760 attente
368 697 562 758 consideretur
582 697 657 770 quod
671 697 743 756 fides
763 707 793 756 et
811 697 975 756 testimonia
993 698 1067 756 bene
1086 695 1265 755 identifieeat
1283 715 1349 774 per·

253 817 339 858 sonas
353 795 389 854 de
402 799 506 872 quibus
519 796 643 875 rgitar.”
666 797 699 857 ln
714 797 767 854 hac
781 797 909 873 regione,
920 796 950 855 ia
964 815 1048 870 quam
1059 797 1183 854 exomni
1197 795 1256 853 sere
1270 796 1350 854 orbis

256 910 334 978 parte
348 897 496 956 confluunt
508 897 537 954 in
550 896 613 955 dies
633 896 775 963 homines,
788 913 826 953 ex
840 895 896 954 alia
908 897 938 954 ia
958 896 1041 954 aliam
1062 896 1237 972 provinciam
1260 895 1348 952 etiam

255 997 422 1074 migrantes,
435 997 483 1056 lex
496 995 546 1054 illa
557 996 606 1054 vix
618 996 780 1054 executioni
794 993 960 1054 demandari
973 995 1056 1053 valet.
1098 993 1274 1067 Plerumque
1288 1011 1349 1052 non
1398 1041 1400 1046 .

256 1097 385 1174 suppetit
403 1093 518 1170 aliquod
536 1094 619 1155 liberi
633 1103 720 1152 status
741 1092 953 1162 documentum,
967 1111 1021 1152 nec
1040 1094 1111 1152 ratio
1129 1093 1248 1151 habetur
1269 1091 1350 1150 illius

203 1266 210 1276 ⁸
257 1195 406 1264 noscendi,
421 1205 521 1272 preter
534 1194 659 1270 ipsomm
680 1192 847 1252 contrahere
862 1192 1016 1252 volentium
1030 1191 1249 1251 affirmationem
1265 1194 1349 1270 jura·

258 1306 325 1364 um,
341 1295 386 1352 vel
398 1294 515 1352 aliorum
530 1292 580 1366 qui
593 1309 644 1350 eos
657 1302 760 1352 norunt
773 1294 977 1352 testimonium.
1242 1367 1245 1373 Ι

300 1397 366 1451 loe.
390 1392 499 1451 Milites
510 1391 539 1452 in
554 1392 655 1452 actuali
668 1391 852 1470 expeditione
866 1400 988 1468 possunt
1000 1409 1095 1450 coram
1111 1389 1278 1467 capellanis
1287 1390 1350 1447 suis

258 1491 302 1550 rel
316 1490 449 1569 parochis
463 1491 646 1550 contrahere:
668 1493 696 1550 in
711 1491 860 1567 hybernis,
875 1492 921 1550 vel
940 1489 1117 1558 castiniensi
1141 1488 1209 1548 dum
1230 1499 1301 1548 sunt
1319 1490 1351 1546 in

259 1591 409 1666 presidiis,
436 1609 531 1653 coram
557 1589 684 1667 parocho
709 1590 887 1649 contrahunt.
929 1589 1105 1665 Alienigena
1132 1589 1161 1646 in
1187 1588 1350 1646 carceribus

258 1687 362 1747 detenti
377 1701 523 1760 nequeant
541 1689 716 1748 contrahere.
750 1690 836 1766 AEgri
856 1689 885 1746 in
907 1688 1095 1766 hospitalibus
1115 1699 1260 1760 nequeunt
1281 1706 1351 1745 eon·

261 1787 380 1856 trahere,
401 1789 457 1846 uisi
483 1797 583 1865 urgeat
604 1789 769 1858 necessitas,
784 1808 841 1862 qua
861 1797 1027 1848 occurrente
1055 1788 1191 1866 conjungi
1216 1796 1349 1864 possunt,

260 1889 329 1960 quin
352 1889 436 1947 liceat
448 1886 505 1946 illis
525 1888 613 1956 coire,
627 1887 682 1945 nisi
704 1897 793 1945 status
817 1889 889 1946 liber
901 1889 1045 1964 probetur.
1080 1887 1189 1945 Puellae
1209 1886 1350 1964 exposita

259 2005 322 2060 que
337 1988 444 2066 degunt
462 1987 491 2046 in
514 1986 742 2054 conservatoriis,
752 2005 848 2045 coram
869 1987 993 2064 parocho
1007 1987 1073 2055 loci,
1088 2003 1146 2044 noa
1166 1985 1232 2045 verit
1253 2003 1351 2044 coram

259 2088 413 2162 capellanis
431 2086 616 2170 'contrahunt
668 2086 739 2151 Qaae
765 2085 873 2162 degunt
898 2088 928 2144 ia
961 2086 1140 2144 monasteriis
1172 2085 1351 2144 educationis

259 2185 459 2242 oausadebent
481 2185 647 2242 contrahere
669 2202 764 2242 coram
785 2185 912 2261 parocho
927 2184 1064 2243 domicilii
1085 2173 1203 2262 paterni,
1218 2183 1350 2250 materni,

259 2283 304 2340 vel
318 2283 442 2349 fraterni,
456 2282 481 2340 si
495 2281 577 2350 adsit,
591 2301 675 2340 secus
688 2301 784 2343 coram
805 2284 930 2362 parocho
949 2284 1005 2342 loci
1024 2286 1051 2342 in
1067 2302 1124 2356 quo
1145 2292 1188 2341 est
1207 2293 1351 2342 monaste-

258 2382 343 2442 rium.

304 2487 370 2541 195.
394 2481 611 2542 Matrimonium
632 2500 689 2540 nou
711 2483 784 2540 valet
797 2483 869 2542 clam
888 2491 1062 2540 contractum
1078 2483 1106 2540 in
1120 2483 1183 2540 loco
1202 2483 1248 2539 ubi
1274 2482 1352 2558 viget

262 2581 405 2641 decretum
421 2583 634 2648 Tridentinurn,
649 2581 683 2638 ab
704 2582 739 2640 iis
761 2583 811 2655 qui
829 2582 866 2640 ibi
886 2582 982 2640 forsan
1003 2590 1159 2648 versantur,
1173 2580 1350 2638 domicilium

261 2680 396 2738 babentes
407 2680 436 2736 in
450 2680 515 2738 loeo
529 2682 576 2738 ubi
592 2699 648 2738 non
663 2680 757 2758 viget:
779 2700 844 2739 aem
859 2681 906 2738 lex
919 2681 975 2740 loci
989 2681 1098 2738 obtinet
1110 2681 1139 2738 ia
1150 2679 1348 2738 contractibus.

261 2778 318 2844 Qui
333 2779 361 2834 ia
375 2777 504 2836 fraudem
524 2779 596 2854 legis
610 2789 717 2836 exeunt
730 2797 745 2835 e
759 2779 823 2836 loco
837 2780 865 2836 in
879 2798 937 2851 quo
957 2781 1045 2856 viget,
1060 2799 1118 2838 non
1133 2780 1227 2838 valent
1240 2788 1352 2837 contra-

261 2875 329 2932 here
344 2877 372 2932 in
394 2876 459 2931 loeo
482 2875 556 2932 alio:
578 2893 662 2933 secus
684 2877 787 2934 sinon
809 2878 933 2936 exierint
955 2877 1060 2936 fraudis
1078 2874 1227 2938 consilio.¹
1267 2879 1352 2935 Licet

260 2981 353 3032 autern
375 2969 553 3032 domicilium
574 2983 692 3040 mucre,
708 2977 805 3036 animo
827 2978 866 3035 ibi
880 2976 1063 3037 contrahendi
1085 2977 1269 3045 matrimonii,
1283 2995 1350 3035 nam

256 3074 321 3152 jure
335 3091 388 3132 suo
411 3073 476 3146 quis
489 3076 585 3134 utitur.
620 3073 698 3134 Hinc
712 3077 745 3134 S.
760 3074 855 3154 Cong.
882 3069 1079 3149 inquisitionis
1100 3076 1134 3134 de
1156 3076 1314 3135 Catholicis
1334 3094 1351 3132 e

259 3173 385 3233 Canadae
406 3174 569 3251 regionibus
583 3175 617 3233 ad
639 3175 735 3232 Status
757 3175 920 3234 Foederatos
934 3193 965 3232 se
978 3176 1198 3244 conserentibus,
1213 3186 1244 3234 ut
1257 3175 1350 3252 legem

260 3273 459 3333 Tridentinam
478 3274 639 3343 eraderent,
659 3274 804 3350 respondit
829 3277 967 3352 episcopo
993 3275 1185 3343 Quebecensi,
1206 3276 1353 3334 matrimo-

262 3374 342 3432 nium
376 3372 411 3430 ab
433 3373 468 3430 iis
495 3374 524 3432 in
551 3372 629 3441 hisce
655 3374 812 3449 provinciis
836 3375 936 3433 initum
962 3391 1057 3434 coram
1083 3376 1246 3452 magistratu
1274 3374 1352 3432 civili

260 3481 391 3540 “ratum,
425 3473 451 3530 si
477 3473 615 3550 conjuges
648 3473 817 3532 transierant
849 3475 932 3534 etiam
964 3473 1160 3542 domicilium
1191 3474 1299 3532 irritum
1326 3474 1352 3531 si

260 3572 384 3644 primum
400 3571 577 3629 domicilium
590 3568 780 3630 retineant.”²

301 3667 367 3722 luo.
391 3666 521 3723 Parocho
536 3669 698 3728 nullatenus
712 3672 780 3728 licet
792 3689 845 3728 sua
857 3674 1008 3747 praesentia
1021 3673 1130 3730 sancire
1144 3673 1277 3750 conjugia
1288 3691 1353 3745 quae

256 3759 336 3818 norit
348 3760 425 3818 irrita
445 3775 509 3816 esse
530 3765 639 3822 ratione
653 3769 862 3841 impedimenti,
876 3770 944 3828 licet
966 3773 1081 3840 occulti,
1096 3771 1253 3830 dummodo
1274 3771 1352 3830 illius

256 3861 354 3920 notitia
367 3877 404 3918 ex
418 3859 599 3918 consessione
613 3881 670 3922 non
684 3863 845 3923 derivetur:
867 3884 934 3926 nam
948 3888 1065 3946 operam
1079 3880 1108 3929 et
1127 3871 1252 3929 favorem
1266 3873 1352 3947 plane

255 3971 402 4037 presta-et
415 3961 456 4020 rei
468 3960 559 4030 mala,
574 3961 650 4022 haud
669 3963 731 4024 siue
755 3968 924 4025 sacrementi
947 3971 1130 4038 matrimonii,
1146 3970 1221 4044 quod
1242 3981 1354 4029 contra·

255 4059 357 4120 hentes
371 4063 473 4121 frustra
487 4071 625 4123 attentant
638 4066 792 4144 suscipere,
807 4066 920 4144 injuria.
954 4070 1037 4128 Licet
1051 4081 1142 4129 tamen
1153 4069 1306 4144 aliquando
1315 4070 1353 4130 ob

258 4160 352 4236 majus
367 4162 473 4222 malum
490 4163 636 4224 vitandum
651 4167 760 4225 adstare
774 4168 867 4226 valide
880 4169 1112 4229 contrahentibus
1126 4171 1156 4228 ia
1170 4180 1298 4247 peccato.

297 4261 365 4320 197.
387 4261 573 4324 Matrimonia
594 4265 797 4326 catholicorum
816 4287 910 4328 coram
931 4269 1094 4346 magistratu
1114 4270 1203 4340 civili,
1218 4269 1264 4327 vel
1280 4287 1352 4346 pree·

289 4479 331 4545 (i)
350 4476 391 4527 Ex
402 4477 462 4530 decl.
474 4480 500 4532 S.
513 4481 542 4532 0.
555 4483 594 4534 die
609 4486 640 4533 14
653 4485 761 4550 Augusti
775 4489 847 4538 1627.
971 4491 1015 4557 (2)
1034 4489 1096 4539 Inst.
1110 4492 1142 4540 17
1153 4489 1220 4541 Nor.
1236 4491 1309 4541 1885.
