3144 5192
272 535 332 594 ott
615 527 672 588 DE
693 527 1017 590 INDULGENTIIS.

274 697 431 776 Gregorius
451 695 535 756 XVI.
556 692 762 776 indulgentiam
785 695 942 774 plenariam
962 696 1107 756 orantibus
1127 704 1168 755 ter
1188 697 1219 756 in
1244 697 1378 756 ecclesia

272 798 368 872 aliqua
381 797 415 857 ab
424 794 567 857 ordinario
580 793 736 874 designata,
751 813 804 872 pro
814 795 1021 873 Hispaniarum
1033 795 1187 866 levamine,
1202 797 1254 854 rite
1268 806 1377 856 tamen

273 895 454 957 consessione
464 895 598 974 expiatis,
606 903 635 954 et
647 893 818 956 eucharistia
829 894 959 954 relectis:
974 911 1037 968 qua
1050 903 1188 954 causaest
1200 896 1377 968 equissimo

272 997 336 1076 ejus
349 994 550 1064 concedendae,
564 1011 653 1068 quum
666 994 707 1052 rei
727 993 890 1054 christianae
911 993 993 1054 valde
1015 993 1136 1062 intersit,
1150 1004 1181 1053 ut
1199 997 1373 1072 conjunctis

272 1096 402 1156 omnium
422 1095 564 1172 precibus,
584 1093 729 1170 religionis
756 1094 916 1170 triumphus
943 1092 972 1152 in
993 1109 1028 1150 ea
1046 1094 1163 1172 regione
1187 1094 1373 1171 impetretur.

273 1196 324 1254 Sic
336 1205 366 1254 et
377 1194 560 1254 recitantibus
573 1191 726 1264 quinquies
739 1193 897 1252 orationem
911 1191 1083 1252 dominicam
1107 1211 1173 1252 cum
1194 1193 1373 1253 salutatione

273 1293 402 1370 angelica
426 1292 520 1369 ampla
545 1289 720 1368 indulgentia
745 1309 882 1350 concessa
906 1291 1025 1361 dicitur;
1049 1291 1169 1352 multum
1192 1293 1301 1352 scilicet
1335 1293 1374 1352 ad

274 1395 407 1470 pictatem
420 1390 541 1460 confert,
555 1399 587 1448 ut
597 1389 709 1450 Christi
722 1391 854 1450 cmcifixi
868 1391 1036 1470 mysterium
1051 1391 1201 1450 recolatur.

311 1494 381 1551 251.
403 1490 500 1550 Status
520 1491 616 1568 gratim
638 1489 674 1549 ad
694 1489 897 1567 indulgentiam
917 1489 1081 1550 lucrandam
1101 1491 1278 1550 necessarius
1299 1501 1368 1558 est;

271 1607 325 1648 nec
338 1591 415 1650 enim
429 1598 522 1667 potest
534 1607 626 1667 pssum
640 1589 791 1665 impetrare
804 1591 1013 1660 remissionem,
1028 1591 1088 1664 qui,
1102 1599 1220 1668 peccato
1233 1590 1371 1663 inquina-

273 1699 329 1757 tus,
343 1687 401 1748 Dei
408 1699 452 1748 est
460 1689 568 1748 hostis:
584 1697 707 1747 attamen
717 1687 832 1758 sufficit,
838 1690 921 1767 juxta
930 1690 1099 1748 sententiam
1111 1690 1366 1758 verosimiliorem‚

272 1797 303 1848 ut
315 1790 446 1849 ultimum
459 1787 535 1862 quod
549 1787 706 1866 injungitur
717 1806 791 1866 opus
805 1789 967 1866 perficiatur
987 1788 1022 1847 ab
1041 1788 1158 1848 homine
1168 1790 1229 1867 jam
1243 1791 1366 1867 gratiam

273 1887 390 1967 adepto:
414 1897 515 1948 catera
527 1886 646 1956 scilicet,
656 1905 721 1960 quae
734 1897 939 1964 praecessemnt
950 1907 1047 1966 opera,
1061 1889 1111 1966 pio
1124 1887 1248 1962 quodam
1262 1887 1371 1947 affectu

274 1988 357 2057 lacta,
371 1989 406 2048 ad
425 1989 513 2048 tinem
533 1985 716 2066 indulgentiae
737 1987 948 2060 quodammodo
961 1989 1088 2048 animum
1102 1987 1267 2064 disponunt,
1282 1989 1371 2062 eique

272 2089 439 2147 inserviunt·
475 2087 553 2146 Hinc
575 2088 624 2160 qui
645 2087 769 2165 jejunat,
791 2086 839 2144 dat
863 2086 1076 2165 eleemosynas,
1102 2089 1200 2147 visitat
1225 2088 1365 2148 ecclesias

275 2188 371 2245 animo
384 2185 513 2246 lucrandi
527 2183 741 2263 indulgentiam,
756 2204 814 2245 non
834 2195 928 2246 tamen
942 2187 1034 2246 adhuc
1048 2187 1229 2246 confessione
1239 2188 1366 2264 expiato,

275 2303 338 2345 cem
351 2285 516 2364 adipiscitur
538 2284 653 2358 quaudo
666 2285 879 2346 confessionem
892 2287 944 2345 rite
958 2287 1075 2364 peragit,
1090 2297 1119 2345 et
1140 2306 1214 2364 opus
1228 2287 1363 2346 ultimum

274 2385 397 2464 perficit.
432 2386 487 2445 “A
501 2386 591 2444 smctu
607 2385 822 2466 indulgentiae‚”
832 2387 925 2459 inquit
937 2385 1111 2445 Benedictus
1125 2387 1209 2446 XIV.
1225 2387 1368 2444 “minime

276 2485 469 2546 excludendos
493 2486 556 2544 illos
582 2487 821 2554 existimavimus,
849 2487 898 2560 qui
923 2504 982 2544 non
1007 2487 1155 2564 praemissa
1182 2485 1367 2546 confessione

274 2587 463 2645 visitationem
478 2587 627 2663 incipiunt,
649 2584 815 2653 dummodo,
831 2583 944 2658 quando
957 2604 1031 2663 opus
1052 2586 1184 2645 ultimum
1198 2585 1362 2664 perficiunt,

275 2687 306 2744 in
320 2695 390 2742 statu
406 2685 501 2760 gratie
525 2677 632 2742 sint.'’¹
673 2685 745 2750 Qum
768 2685 987 2759 praescribuntur
1006 2694 1073 2744 sunt
1093 2687 1200 2764 integre
1220 2685 1360 2751 facienda,

275 2793 303 2840 et
315 2801 352 2839 ex
366 2783 414 2856 pio
428 2783 515 2840 animi
530 2790 618 2847 motu,
633 2783 682 2854 qui
695 2783 772 2840 enim
783 2783 875 2840 inanis
884 2783 981 2861 glorie
994 2785 1089 2843 studio
1102 2803 1201 2862 preces
1216 2787 1366 2862 proscrip-

275 2893 317 2939 tas
338 2881 445 2947 recitat,
459 2881 557 2952 nequit
568 2879 670 2939 lucrari
694 2879 989 2958 indulgentiamque
1009 2893 1103 2943 tamen
1125 2895 1306 2961 comparamr
1327 2885 1364 2941 ab

274 2980 320 3039 his
343 2979 403 3052 qui,
431 2997 550 3057 operum
576 2979 732 3040 substantia
752 2991 872 3058 peracta
900 2992 1010 3041 rectum
1033 2985 1070 3042 ob
1091 2983 1190 3051 finem,
1217 2984 1365 3042 venialiter

274 3079 410 3139 deliciunt
423 3083 453 3140 in
466 3099 564 3140 eorum
576 3079 727 3158 adjunctis.
770 3081 840 3141 Nou
851 3083 936 3160 igitur
944 3083 1063 3141 titillatio
1077 3083 1207 3156 quaedam
1220 3083 1361 3161 superbiae

275 3201 338 3254 que
351 3182 466 3240 obvenit
478 3182 525 3257 pie
538 3181 628 3240 oranti
641 3199 707 3240 eum
722 3181 790 3240 facit
803 3181 980 3260 indulgentia
994 3181 1151 3260 indignum.
1193 3183 1227 3241 Si
1241 3182 1363 3241 notabile

276 3279 344 3353 quid
358 3281 512 3348 omittatur,
528 3281 581 3338 etsi
594 3298 631 3338 ex
651 3281 804 3349 oblivione,
818 3281 864 3339 vel
884 3283 908 3340 si
929 3281 978 3340 fiat
996 3282 1102 3340 ratione
1123 3281 1236 3341 diversa
1257 3303 1273 3340 a
1294 3301 1363 3358 prae·

277 3380 391 3455 scripto,
406 3397 464 3438 non
478 3390 657 3456 comparatur
668 3379 853 3458 indulgentia.

314 3482 384 3536 252.
406 3479 604 3557 Indulgentiae,
620 3496 708 3551 quum
728 3481 824 3556 gratiae
847 3479 970 3538 habeant
988 3481 1134 3550 rationem,
1149 3501 1207 3540 non
1230 3482 1365 3540 desinunt

276 3587 366 3634 morte
391 3577 582 3644 concedentis,
606 3577 657 3636 sed
683 3588 826 3655 perpetum
852 3578 1000 3648 habentur,
1027 3581 1052 3638 si
1077 3582 1160 3640 limes
1193 3582 1228 3640 iis
1249 3599 1306 3641 non
1327 3581 1364 3638 sit

276 3674 440 3749 appositus:
463 3675 652 3750 largissimam
666 3677 774 3753 quippe
794 3677 943 3752 excipiunt
961 3679 1232 3758 interpretationem.
1276 3679 1364 3737 Com·

275 3769 407 3849 parandos
421 3774 519 3831 mortis
533 3773 650 3831 articulo
669 3775 853 3850 impetrantur
865 3777 896 3834 in
919 3779 1052 3854 proximo
1072 3781 1170 3839 mortis
1190 3780 1362 3844 discrimine,

276 3873 329 3930 etsi
344 3889 420 3930 mors
432 3870 509 3930 haud
521 3873 615 3932 statim
629 3883 773 3947 sequatur,
788 3884 817 3932 et
836 3876 934 3934 iterata
947 3878 1010 3936 vice
1030 3890 1238 3956 comparantur,
1253 3881 1279 3938 si
1299 3880 1363 3952 quis

276 3992 313 4032 ex
327 3972 454 4050 periculo
466 3971 591 4032 evadens
601 3972 630 4030 iu
643 3973 714 4032 illud
725 3971 818 4033 denuo
832 3974 945 4034 incidat.
973 3975 1232 4039 Concedunturhae
1241 3980 1365 4057 plerum·
1394 3967 1400 3977 ⁸

276 4091 332 4147 que
347 4073 541 4132 invocantibus
555 4071 651 4142 corde,
665 4074 691 4132 si
704 4093 753 4133 ore
772 4085 924 4148 nequeant,
938 4094 1044 4137 nomen
1053 4080 1267 4138 sanctissimum
1279 4078 1363 4145 Jesu,

275 4173 320 4230 vel
330 4173 542 4250 acceptantibus
557 4182 677 4234 mortem
691 4194 707 4232 a
720 4193 807 4234 mauu
818 4175 954 4235 Domini:
969 4194 1033 4249 qum
1043 4176 1149 4238 idcirco
1162 4179 1269 4252 absque
1277 4197 1365 4255 opera

243 4355 245 4360 Ι
276 4271 430 4333 sacerdotis
445 4272 602 4352 comparari
616 4283 733 4346 queunt,
742 4275 799 4334 nisi
821 4274 961 4334 indultum
970 4276 1168 4353 Apostolicum
1182 4296 1244 4338 eam
1255 4278 1362 4355 exigat.

617 4486 659 4552 (1)
679 4484 1019 4556 constitluterpreteritos.
