3144 5192
529 585 531 590 .
573 537 715 598 cuPUT
736 538 918 600 UNIOUM.
1236 547 1297 604 275

206 706 314 780 absque
333 705 425 765 civilis
447 705 594 782 regiminis
614 705 706 773 venia,
721 703 769 764 det
788 705 912 764 exeundi
932 704 1102 773 facultatem,
1116 706 1295 782 imploranda

207 806 260 864 erit
272 807 304 864 S.
320 805 403 864 Sedis
417 805 602 881 indulgentia,
612 814 643 862 ut
654 804 739 862 liceat
747 804 886 863 advenam
894 805 1002 878 absque
1011 804 1111 863 litteris
1120 803 1291 864 dimissoriis

208 904 348 963 ordinare.
390 904 447 970 Qui
472 922 509 962 ex
534 905 614 962 Statu
640 903 737 976 aliquo
763 904 793 962 in
819 903 937 963 alterum
958 904 1160 981 migraverunt,
1175 903 1293 964 easdem

206 1002 312 1062 litteras
332 1002 436 1061 debent
458 1002 568 1069 afferre,
582 1010 613 1060 ut
638 1002 818 1060 ordinentur:
841 1001 918 1076 quod
944 1004 969 1060 si
990 1003 1085 1060 animo
1105 1002 1243 1063 redeundi
1263 1005 1293 1062 in

206 1118 286 1160 suam
299 1100 456 1170 dioecesim,
472 1101 572 1160 morati
581 1101 639 1159 sint
651 1102 681 1158 in
695 1101 828 1178 collegio,
838 1101 885 1159 vel
898 1101 963 1159 alibi
976 1100 1136 1160 studiorum
1146 1102 1192 1160 vel
1205 1120 1292 1180 nego·

206 1199 308 1259 tiorum
317 1219 412 1268 causa,
427 1210 549 1279 possunt
561 1199 664 1268 redire,
678 1218 768 1273 quum
788 1199 922 1259 manendi
944 1201 1056 1259 animus
1078 1202 1248 1273 requiratur,
1262 1209 1293 1261 ut

202 1299 251 1376 jus
265 1299 336 1358 illud
348 1299 504 1376 perlectum
517 1299 564 1358 sit.
606 1298 729 1364 Quando
743 1301 858 1375 integra
870 1299 984 1357 familiae
994 1300 1126 1376 migrant,
1141 1308 1170 1358 et
1180 1302 1293 1359 animus

206 1398 341 1457 manendi
352 1398 455 1472 liquet,
466 1417 525 1457 non
538 1397 603 1456 ideo
616 1396 703 1457 licere
717 1395 850 1456 videtura
863 1398 1070 1461 constitutionis
1084 1399 1294 1458 Innocentianae

207 1515 294 1574 supra
305 1496 425 1556 laudatae
439 1499 567 1556 terminis
581 1496 729 1556 recedere:
744 1496 852 1554 idcirco
865 1497 963 1554 littere
977 1496 1145 1556 dimissoria
1159 1506 1294 1575 expeten-

209 1595 253 1654 dae
267 1604 357 1654 emnt.
397 1596 467 1656 Non
481 1595 586 1654 sufficit
597 1603 769 1673 presumpta
782 1595 917 1669 ordinarii
930 1595 1054 1663 licentia,
1067 1605 1095 1654 et
1107 1615 1174 1674 spes
1194 1596 1296 1656 ratiha-

207 1694 334 1763 bitionis,
361 1695 412 1753 sed
438 1713 575 1772 expressa
598 1694 713 1753 licentia
737 1690 912 1768 requiritur.¹
952 1693 1072 1761 Quoties
1098 1697 1162 1768 quis
1188 1697 1295 1755 ratione

207 1792 347 1852 domicilii
354 1794 527 1853 ordinandus
536 1802 588 1861 est,
596 1791 680 1852 debet
688 1795 851 1870 juramento
859 1793 977 1870 probare
987 1811 1019 1850 se
1028 1793 1097 1852 illud
1108 1796 1294 1853 contraxisse:

207 1891 292 1951 debet
304 1894 389 1952 ctiam
402 1893 503 1952 afferre
511 1893 617 1953 litteras
628 1892 832 1952 testimoniales
841 1892 968 1968 episcopi
982 1893 1101 1970 originis
1111 1893 1146 1950 de
1155 1894 1295 1952 natalibus

207 2010 240 2049 ac
253 2000 343 2061 aetate,
358 1992 468 2051 etiamsi
483 1993 511 2050 in
526 1999 606 2050 aetate
620 1991 741 2050 infantili
756 1992 790 2049 ab
805 1990 879 2050 illius
893 1991 1011 2050 dioecesi
1025 1991 1198 2052 discesserit.
1234 1991 1293 2059 Qui

207 2108 258 2167 per
267 2091 418 2150 triennium
432 2091 512 2168 apud
522 2091 692 2168 episcopum
706 2099 832 2149 moratus
846 2098 898 2158 est,
913 2091 987 2148 inter
999 2091 1151 2149 familiares
1162 2091 1296 2162 adscitus,

207 2198 301 2265 potest
314 2190 347 2247 ab
369 2190 552 2259 coordinari,
567 2189 725 2249 dummodo
747 2188 919 2248 beneficium
941 2190 969 2247 ei
993 2191 1088 2249 statim
1110 2185 1297 2260 conferatur,2

209 2287 320 2346 scilicet
331 2289 403 2346 intra
416 2281 572 2348 mensem.³
605 2289 763 2348 “Nomine
777 2298 870 2346 autem
880 2286 1093 2368 familiarium
1103 2289 1298 2366 intelliguntur
1339 2282 1343 2288 ’

210 2387 383 2460 omnessqui
397 2389 534 2463 episcopo
547 2387 726 2455 famulantur,
741 2396 770 2444 ct
783 2387 879 2445 vivunt
892 2389 955 2465 ejus
969 2389 1116 2464 expensis,
1127 2389 1180 2445 etsi
1193 2389 1222 2446 in
1236 2391 1297 2467 ejus

211 2483 317 2544 cedibus
338 2503 394 2544 non
414 2485 547 2554 habitent,
563 2485 649 2546 modo
672 2485 776 2564 degant
799 2486 828 2542 in
854 2484 929 2554 loco,
945 2487 992 2544 ubi
1013 2497 1056 2544 est
1075 2487 1239 2562 episcopus,
1253 2487 1299 2546 vel

211 2582 351 2660 prope.”⁴

252 2687 298 2742 16.
314 2683 566 2744 Poeuaordinantis
577 2686 686 2744 alienos
697 2695 741 2745 est
749 2685 902 2760 suspensio
913 2686 947 2743 ab
958 2685 1090 2744 ordinum
1102 2685 1253 2743 collatione
1264 2684 1299 2743 ad

209 2801 333 2852 annum3
348 2792 376 2842 et
389 2783 534 2842 ordinatus
548 2785 730 2861 suspenditur
738 2786 773 2842 ab
786 2783 893 2843 ordinis
908 2769 1033 2862 suscepti
1046 2785 1191 2852 exercitio,
1206 2784 1298 2844 donec

210 2881 361 2940 Ordinario
375 2900 428 2939 suo
442 2877 596 2940 videatur.⁵

253 2984 300 3038 17.
322 2980 450 3038 Licentia
476 2980 590 3038 ordines
617 2982 793 3057 suscipiendi
815 2999 883 3040 voce
910 2980 973 3039 data
997 2981 1111 3047 sufficit,
1126 2993 1299 3059 quapropter

177 3075 179 3080 ’
211 3077 364 3155 episcopus
386 3076 444 3136 tutd
458 3078 569 3137 ordinat
588 3098 653 3138 eum
668 3100 752 3154 quem
766 3090 843 3138 certo
856 3081 1021 3138 testimonio
1034 3082 1142 3137 novita
1159 3099 1211 3138 suo
1225 3083 1298 3156 epis·

213 3195 289 3253 copo
302 3176 379 3235 adse
392 3167 570 3236 remissum.⁶

254 3280 301 3334 18.
322 3275 451 3334 Licentia
471 3276 535 3334 data
556 3277 640 3336 alicui
660 3277 774 3336 ordines
799 3277 975 3355 suscipiendi
996 3277 1031 3336 ab
1051 3276 1188 3353 episcopo
1201 3277 1296 3336 alieno

179 3435 182 3442 .
210 3393 268 3434 non
282 3377 393 3452 expirat
405 3385 494 3433 morte
508 3377 703 3445 concedentis,
718 3386 763 3435 est
775 3377 851 3434 enim
866 3373 989 3454 gratias

252 3478 298 3532 19.
320 3475 485 3552 Episcopus
518 3475 710 3544 confirmatus,
739 3477 870 3549 quamvis
896 3494 954 3534 non
987 3486 1178 3541 consecratus,
1206 3485 1300 3552 potest

208 3572 314 3632 litteras
335 3575 512 3632 dimissorias
526 3573 693 3643 concedere,
708 3584 774 3633 sunt
793 3575 872 3632 enim
886 3585 964 3633 actus
981 3572 1198 3651 jurisdictionis.
1240 3574 1298 3632 Cui

209 3673 299 3732 ablata
312 3684 356 3732 est
376 3671 540 3752 jurisdictio
553 3675 654 3748 nequit
672 3693 720 3732 cas
743 3673 909 3732 concedere.
952 3673 1030 3731 Hinc
1053 3673 1168 3747 quando
1188 3684 1299 3732 constat

210 3774 377 3849 episcopum
400 3792 465 3833 esse
486 3774 775 3839 excommunicatum,
790 3772 837 3830 vel
856 3792 1039 3850 suspensum,
1060 3773 1127 3831 licet
1147 3773 1262 3832 ordines
1285 3793 1300 3830 a

210 3871 339 3930 viciniori
353 3872 490 3949 episcopo
504 3864 680 3949 suscipere.⁸
784 3912 788 3923 ,

247 3971 297 4026 20.
318 3968 483 4046 Episcopus
496 3980 667 4030 extrasuam
687 3969 833 4028 dioecesim
850 3988 976 4037 versans,
990 3979 1083 4045 potest
1102 3971 1162 4026 suis
1176 3968 1297 4026 subditis

245 4135 287 4199 (l)
307 4131 384 4182 Oonc.
396 4131 464 4184 Trid.
476 4134 540 4185 Sese
552 4134 602 4186 xiv.
613 4151 667 4200 cap.
677 4135 703 4185 ii.
714 4135 806 4186 deRet'.

247 4220 289 4285 (2)
309 4216 558 4278 Ibidemsoemxii.
569 4235 622 4285 esp.
633 4218 667 4272 ix.
679 4219 710 4270 de
721 4219 774 4269 Res.
894 4220 937 4285 (3)
957 4217 1043 4267 Gonst
1057 4217 1232 4281 Speculatores.

246 4305 290 4370 (4)
310 4303 337 4355 S.
349 4303 425 4368 Alph.
438 4303 455 4353 l.
465 4303 498 4354 vi.
509 4320 535 4354 n.
546 4307 605 4354 780.
740 4307 782 4372 (5)
803 4303 882 4354 Cone.
893 4299 961 4353 Trid.
973 4302 1038 4352 Sess.
1046 4301 1117 4352 xxiii.
1129 4301 1192 4352 cviii.
1205 4302 1235 4352 de
1247 4302 1299 4353 Res.

247 4390 289 4457 (6)
310 4388 337 4438 Β.
348 4389 425 4455 Alph.
437 4389 454 4439 l,
465 4389 498 4440 vi.
509 4405 535 4442 ιι.
544 4392 602 4440 788.
739 4393 782 4456 (7)
801 4389 832 4439 O.
844 4389 924 4452 Super
935 4386 1058 4448 gratia‚de
1069 4387 1132 4436 offic.
1143 4386 1219 4450 deleg.
1231 4388 1257 4438 in
1266 4390 1301 4456 6.Ι

743 4476 786 4541 (8)
805 4474 836 4524 0.
851 4473 875 4523 ii.
887 4471 917 4522 de
928 4477 1002 4536 temp.
1014 4471 1063 4522 ord.
1075 4471 1101 4522 in
1113 4474 1137 4521 6.
