3108 5162
573 569 630 630 DE
653 569 869 631 DIVORTIO.
1209 579 1266 632 323

177 737 247 796 tium
270 741 354 799 etiam
376 739 452 805 licet,
474 745 541 796 sunt
559 739 636 796 enim
657 739 775 796 crimina
795 737 931 798 adulterio
953 741 1132 809 immaniora,
1156 749 1263 800 etcum

177 839 308 916 conjugis
329 839 497 915 gravissima
516 837 636 914 injuria:
658 837 780 914 pollutio
801 847 905 907 autem,
930 859 960 898 se
984 841 1056 907 solo,
1078 857 1136 896 non
1150 838 1268 898 habetur

12 941 16 954 '
118 979 121 984 Δ
177 935 398 996 divortiicausa.
441 937 585 995 Delictum
605 945 715 995 constet
735 946 863 1014 oportet;
886 939 936 996 sed
963 948 991 998 et
1012 939 1266 998 vehementissima

178 1038 315 1115 suspicio,
330 1057 366 1094 ex
380 1037 491 1095 indiciis
506 1037 563 1094 fere
578 1037 734 1094 manifestis
748 1047 817 1104 orta,
833 1038 992 1096 certitudini
1006 1027 1193 1114 aequiparatur
1205 1035 1228 1095 :¹
1242 1041 1267 1096 si

177 1137 253 1193 enim
276 1137 378 1194 mulier
397 1138 460 1194 sola
480 1156 545 1194 cum
560 1137 621 1193 viro
642 1137 671 1192 in
694 1135 767 1194 lecto
781 1137 943 1210 reperiatur,
960 1138 1005 1195 vel
1032 1137 1098 1194 alibi
1111 1137 1187 1195 nuda
1200 1157 1265 1198 curn

178 1235 264 1302 nudo,
279 1235 410 1294 adulterii
430 1254 478 1292 rea
498 1236 574 1294 haud
594 1244 700 1292 temere
715 1245 855 1294 censetur.
899 1235 1013 1312 Copula
1027 1237 1133 1308 absque
1148 1239 1266 1296 seminis

177 1333 317 1392 effusione
332 1335 510 1412 probabilius
524 1334 635 1392 videtur
647 1353 705 1391 non
719 1353 782 1391 esse
797 1334 910 1393 divortii
924 1355 1017 1404 causa,
1040 1344 1059 1370 “
1069 1336 1137 1407 quia
1149 1338 1268 1395 nomine

178 1434 373 1492 fornicationis
400 1432 584 1510 intelligenda
611 1444 655 1489 est
674 1433 823 1491 fornicatio
856 1435 886 1491 in
918 1454 971 1492 suo
1003 1452 1106 1511 genere
1133 1435 1267 1511 perfecta,

179 1550 283 1608 nempe
296 1543 492 1592 consummata
512 1552 563 1609 per
576 1532 813 1601 seminationem;
835 1532 907 1591 alias
922 1552 978 1592 non
994 1534 1073 1590 adest
1086 1551 1152 1591 vera
1164 1535 1269 1593 divisio

179 1631 282 1699 carnis,
297 1633 349 1690 sed
363 1632 424 1689 sola
437 1631 538 1690 divisio
553 1639 694 1700 attentata,
716 1651 768 1709 per
781 1632 870 1691 solam
885 1633 960 1690 enim
982 1634 1198 1692 seminationem
1212 1635 1267 1692 for·

180 1731 306 1788 tricantes
319 1732 390 1789 fiunt
401 1751 458 1789 una
471 1727 586 1789 caro.”²
606 1729 750 1788 Gaeterum
762 1733 809 1789 vix
822 1733 886 1809 cogi
900 1741 993 1807 potest
1005 1733 1122 1790 maritus
1137 1733 1171 1791 ad
1184 1729 1269 1794 retinss

179 1828 286 1913 endum
299 1849 397 1888 secum
411 1849 532 1889 uxorem
544 1849 607 1903 quae
622 1831 709 1888 alium
723 1832 761 1888 ita
776 1834 899 1907 excepit.

220 1933 287 1986 116.
310 1929 455 1988 Delictum
470 1940 534 1988 ante
548 1929 660 2006 nuptias
675 1929 842 1997 admissum,
863 1941 891 1988 et
905 1931 1041 2007 deinceps
1055 1929 1195 1989 detectum
1211 1951 1269 1990 non

178 2037 222 2085 est
235 2028 381 2086 sufficiens
396 2029 509 2088 divortii
524 2047 626 2086 causa:
647 2029 705 2087 nisi
725 2030 856 2107 injuriam
878 2031 949 2088 ferat
969 2030 1080 2097 marito,
1101 2041 1185 2107 prout
1204 2051 1271 2088 con·

178 2128 305 2204 tingeret,
329 2129 355 2185 si
376 2129 477 2191 mulier
496 2129 530 2185 ab
554 2128 610 2185 alio
631 2129 746 2202 gravida
766 2128 839 2187 foret
859 2129 925 2201 dum
949 2131 1081 2188 nuberet:
1105 2139 1171 2188 tunc
1192 2132 1270 2188 enim

179 2236 277 2303 utpote
290 2227 389 2286 illusus
404 2237 432 2284 et
443 2228 529 2285 laesus
552 2235 645 2304 potest
658 2246 674 2283 a
687 2247 717 2285 se
731 2247 873 2296 amovere,
889 2249 926 2287 ex
941 2229 1081 2288 Ecclesia
1094 2227 1269 2298 auctoritate,

179 2343 241 2383 eam
255 2344 318 2398 quae
332 2325 460 2384 fraudem
473 2336 502 2384 et
515 2325 676 2384 dededecus
691 2327 733 2384 illi
749 2327 846 2384 molita
860 2337 912 2384 est.

221 2428 288 2483 117.
311 2424 472 2484 Divortium
485 2425 648 2502 denegatur,
663 2426 688 2482 si
702 2427 805 2503 injuria
814 2427 875 2502 jam
887 2425 1047 2484 condonata
1057 2427 1102 2493 sit,
1115 2446 1177 2498 quae
1192 2429 1268 2485 enim

178 2523 289 2592 marito,
305 2543 391 2597 quem
404 2525 483 2584 novit
496 2523 624 2583 adulterii
634 2543 726 2593 reum,
742 2545 850 2584 morem
865 2527 963 2602 gessit,
975 2526 1103 2583 debitum
1113 2525 1269 2595 reddendo,

178 2624 277 2696 nequit
290 2633 389 2700 postea
411 2625 544 2701 injuriam
559 2625 676 2682 ulcisci:
699 2624 775 2697 quod
799 2626 901 2684 sinon
923 2627 1033 2683 noverit
1055 2624 1201 2692 delictum,
1223 2627 1270 2684 vel

173 2724 223 2800 jus
237 2724 292 2782 sibi
306 2742 370 2781 esse
384 2723 545 2792 recedendi,
566 2703 642 2782 baud
664 2725 809 2800 ignovisse
824 2725 968 2783 censenda
981 2736 1034 2782 est.
1078 2724 1195 2792 Oscula,
1211 2744 1270 2783 am·

178 2823 291 2900 plexus,
306 2832 406 2892 tactus,
420 2824 507 2881 etiam
522 2825 627 2895 absque
641 2824 756 2900 copula,
778 2825 865 2882 veluti
880 2825 969 2882 veniae
983 2823 1096 2891 indicia,
1111 2825 1268 2894 habentur;
1366 2819 1369 2824 ’

178 2922 228 2980 sed
251 2922 277 2978 si
290 2921 456 2997 ignoscendi
477 2923 589 2979 animus
611 2922 741 2991 desuerit,
764 2925 901 2982 innocens
929 2919 1000 2982 non³
1027 2923 1102 2982 cadit
1123 2944 1175 2983 suo
1192 2926 1268 3002 jure.

179 3019 237 3086 Qui
251 3020 281 3076 in
294 3020 392 3077 uxoris
406 3019 574 3078 adulterium
588 3023 744 3090 consensit,
767 3023 811 3081 vel
832 3043 894 3082 eam
919 3025 948 3081 in
968 3022 1122 3080 discrimen
1136 3025 1270 3081 manifes-

179 3128 239 3176 tum
253 3118 386 3195 conjecit,
400 3137 435 3177 eo
448 3120 571 3178 consilio
583 3130 613 3177 ut
626 3119 812 3194 delinqueret,
825 3125 923 3195 nequit
933 3121 999 3180 inde
1010 3121 1123 3179 divortii
1136 3131 1270 3198 expetere

179 3236 314 3276 causam:
335 3236 401 3276 nam
414 3219 468 3276 sibi
482 3218 510 3277 id
524 3218 663 3296 imputare
678 3220 770 3280 debet.
812 3222 862 3279 Sic
876 3223 924 3294 qui
944 3231 1023 3297 pater
1035 3221 1154 3297 cupiens
1169 3219 1268 3290 videri,

179 3317 354 3394 significaret
365 3319 449 3376 uxori
462 3336 493 3376 se
508 3318 580 3377 velle
592 3337 655 3377 eam
670 3329 787 3378 matrem
801 3321 873 3389 fieri,
895 3339 1076 3394 quacumque
1089 3321 1208 3388 ratione,
1224 3322 1268 3379 vel

174 3419 313 3494 juvenem
327 3416 456 3475 consulti
481 3417 559 3476 domi
580 3419 761 3491 relinqueret,
782 3439 814 3477 se
835 3421 959 3488 absente,
980 3439 1037 3478 non
1052 3429 1150 3495 posset
1163 3421 1271 3478 crimen

177 3524 335 3594 praetexere
350 3515 463 3575 divortii
477 3535 610 3575 causam:
633 3536 726 3586 secus,
749 3520 772 3575 si
794 3521 944 3596 suspicans
965 3537 1086 3577 uxorem
1100 3538 1164 3577 esse
1178 3521 1270 3602 impu-

177 3615 282 3684 dicam,
309 3616 492 3675 occasionem
523 3618 674 3693 praeberet,
695 3618 737 3675 rei
762 3618 925 3696 detegendae
945 3637 1041 3688 eausa,
1072 3621 1142 3692 quin
1166 3639 1271 3697 magno

177 3716 314 3794 objiceret
323 3735 388 3774 eam
402 3715 573 3776 discrimini.
595 3717 667 3784 Quae
682 3717 848 3790 adultepium
864 3718 987 3787 admisit,
1001 3737 1035 3778 co
1049 3719 1125 3793 quod
1141 3741 1156 3778 a
1171 3723 1270 3779 marito

178 3814 312 3873 derelicta
324 3815 418 3884 fuerit,
434 3818 477 3875 vel
492 3816 579 3876 domo
594 3817 686 3894 pulsa,
707 3817 754 3875 vel
777 3819 851 3875 male
871 3819 975 3888 habita,
997 3837 1055 3877 non
1070 3830 1165 3896 potest
1177 3821 1270 3898 mariti

179 3912 293 3988 culpam
325 3913 447 3990 allegare
479 3935 515 3973 ne
549 3915 703 3974 divortium
731 3913 924 3975 decernatur.⁴
976 3918 1155 3976 Adulterium
1188 3918 1269 3990 quod

178 4011 285 4083 absque
299 4010 383 4086 culpa
397 4015 525 4090 contigit,
536 4013 619 4072 debet
632 4035 728 4074 carere
743 4035 844 4092 poena:
861 4027 1031 4092 quapropter
1041 4017 1065 4072 si
1080 4016 1192 4088 aliquus
1207 4015 1271 4074 dor·

179 4110 277 4168 mienti
291 4109 456 4187 obrepserit,
471 4113 516 4171 vel
530 4117 707 4191 oppresserit
725 4115 855 4183 invitam,
871 4133 929 4172 non
944 4116 998 4172 erit
1010 4114 1271 4191 divortiumpeten·

214 4288 257 4354 (l)
277 4285 308 4337 O.
320 4284 386 4336 Dicit
397 4285 527 4349 Dominus,
536 4289 613 4339 xxxii.
625 4306 667 4355 qu.
675 4290 692 4339 i.
884 4292 927 4357 (2)
947 4289 974 4341 S.
986 4290 1061 4354 Alph.
1072 4289 1088 4337 l.
1100 4289 1132 4338 vi.
1143 4305 1168 4338 n.
1180 4291 1238 4338 963.

214 4375 257 4439 (3)
277 4371 339 4437 Gap.
351 4373 383 4422 vi.
395 4373 434 4423 De
447 4389 473 4424 eo
484 4375 530 4440 qui
541 4375 662 4442 cognovit.

216 4459 258 4524 (t)
279 4456 310 4508 O.
322 4457 478 4520 Significatu,
489 4457 519 4510 de
527 4459 615 4513 divort.
650 4460 680 4511 G.
692 4460 730 4510 Ita
740 4477 780 4521 ne,
788 4460 866 4510 xxxii.
878 4477 919 4524 qu.
932 4477 954 4510 v.
989 4460 1017 4511 L.
1031 4461 1123 4522 Palem,
1135 4461 1166 4511 D.
1178 4461 1206 4514 de
1218 4461 1271 4514 ritu

177 4542 337 4610 nuptiarum.
371 4543 436 4596 Vide
445 4549 470 4594 st
482 4544 592 4596 Sanchez
604 4547 620 4595 l.
631 4561 654 4594 v.
667 4545 696 4596 de
709 4546 821 4609 diuortio,
833 4544 894 4610 disp.
904 4561 927 4597 v.
