3124 5168
377 531 437 592 DE
457 528 820 590 CONSECRATIONE
841 529 1157 592 EUGHARISTIAE.
1268 537 1305 595 71

262 705 309 759 12.
329 699 400 758 Vini
419 706 505 775 guttoe
526 697 607 756 calici
625 696 801 757 extrinsecus
816 697 989 756 adhaerentes
1002 717 1061 758 non
1075 711 1228 762 censentur
1241 719 1308 763 con·

221 807 356 866 secratae3
378 817 443 856 nam
456 798 577 855 intentio
598 797 685 856 sertur
706 796 742 854 ad
761 798 859 856 vinum
880 798 957 870 quod
980 799 1070 856 calice
1095 803 1265 870 continetur,
1280 811 1309 860 et

222 916 306 976 grave
326 897 398 956 foret
419 905 569 974 peccatum
591 914 639 953 eas
662 895 735 954 velle
755 914 922 955 consecrare
935 893 958 954 :¹
971 897 1007 955 de
1027 900 1112 974 guttis
1132 900 1213 960 lateri
1234 903 1308 959 intua

222 996 428 1055 adhaerentibus
449 995 610 1063 dubitatur;
635 995 755 1053 intentio
778 995 894 1069 quidem
914 997 973 1054 vini
1000 998 1114 1074 copiam
1142 1001 1308 1058 continuam

220 1096 363 1171 respicere
389 1094 509 1162 videtur,
534 1112 619 1168 quam
652 1093 686 1151 ad
718 1112 781 1152 eam
811 1095 911 1151 arctari
940 1098 1142 1155 commendant
1169 1097 1308 1176 theologi,

222 1195 351 1269 quamvis
365 1193 540 1254 Benedictus
554 1193 638 1252 XIV.
652 1191 729 1250 dicat
740 1195 827 1251 tutius
838 1211 901 1251 esse
913 1211 960 1252 eas
973 1203 1118 1268 tamquam
1129 1211 1310 1256 consecratas

220 1293 333 1352 habere.
365 1294 504 1374 ¹Igiturin
514 1293 714 1351 communione
723 1300 838 1366 praestat
850 1309 909 1360 eas,
924 1302 990 1369 post
999 1294 1129 1354 baustum
1143 1298 1310 1374 sanguinem

222 1394 388 1470 pretiosum,
403 1393 497 1451 atatim
511 1409 625 1452 sumere
639 1401 703 1449 ante
717 1391 906 1449 ablutionem:
921 1387 974 1450 scd
993 1395 1061 1471 angi
1073 1395 1137 1466 quis
1151 1397 1237 1455 nimis
1251 1415 1310 1456 non

224 1492 316 1550 debet.
358 1493 467 1550 Vinum
482 1492 511 1548 in
524 1487 628 1569 phialis
642 1492 673 1549 in
686 1489 781 1548 altaris
795 1490 922 1566 margine
937 1491 1085 1563 aliquando
1098 1493 1237 1562 relictum,
1252 1513 1310 1555 non

225 1590 383 1649 habendum
396 1600 439 1648 est
452 1598 649 1650 consecratum
661 1609 668 1658 ;
683 1608 738 1648 nec
751 1590 827 1648 enim
841 1589 1018 1660 aliquatenus
1033 1591 1102 1649 illud
1115 1595 1311 1671 complectitur

226 1691 380 1750 intentione
404 1687 556 1748 sacerdos:
585 1687 636 1746 sed
663 1689 780 1747 omnino
806 1687 963 1747 cavendum
989 1710 1025 1749 ne
1051 1690 1155 1767 phialae
1176 1694 1206 1752 iu
1231 1695 1310 1752 altari

226 1800 365 1859 maneant,
381 1807 470 1863 quum
485 1789 514 1847 in
528 1807 638 1856 mensa,
652 1805 703 1845 seu
718 1786 871 1855 credentia,
885 1791 991 1864 apponi
1002 1790 1134 1850 debeant.

265 1893 311 1948 13.
332 1891 455 1948 Materia
478 1888 664 1946 determinata
689 1905 757 1952 esse¹
780 1886 865 1945 debet
884 1887 914 1946 in
935 1906 1021 1961 quam
1041 1888 1174 1967 dirigitur
1193 1891 1313 1948 intentio

226 1988 394 2048 sacerdotis:
410 2006 476 2046 nam
490 1987 616 2046 humano
630 1985 716 2044 modo
737 1985 898 2045 exercenda
917 1996 961 2044 est
980 1996 1105 2064 potestas
1126 1990 1197 2047 sacri
1217 1991 1316 2048 minis·

227 2088 300 2146 terii.
342 2087 487 2146 Oaeterum
501 2105 573 2164 opus
588 2104 646 2145 non
659 2095 704 2152 est
716 2094 747 2144 nt
758 2087 830 2144 sciat
842 2103 992 2146 nnmerum
1007 2087 1175 2158 hostiamm,
1185 2089 1230 2148 vel
1243 2090 1313 2149 alias

227 2187 386 2264 specialiter
399 2186 529 2263 designet
548 2204 611 2259 quae
632 2185 691 2243 sint
710 2184 919 2253 consecrandae,
934 2185 1091 2247 dummodo
1111 2207 1174 2262 quae
1194 2199 1258 2247 ante
1284 2209 1316 2248 se

228 2286 328 2363 positae
342 2294 418 2354 sunt,
433 2285 501 2343 velit
520 2303 702 2343 consecrare:
726 2284 822 2343 “ideo
836 2284 954 2357 quilibet
973 2287 1107 2344 sacerdos
1128 2287 1211 2346 talem
1227 2289 1317 2347 inten-

228 2386 336 2444 tionem
356 2385 460 2442 habere
480 2383 572 2452 debet,
591 2383 700 2443 scilicet
719 2382 905 2441 consecrandi
922 2401 1033 2452 omnes,
1048 2403 1119 2457 quas
1139 2395 1203 2443 ante
1223 2405 1254 2443 se
1281 2385 1315 2444 ad

231 2483 455 2543 consecrandum
469 2483 576 2562 positas
589 2477 723 2541 habet.”²
743 2483 805 2540 “Si
818 2491 919 2558 putans
934 2501 964 2539 sc
977 2492 1070 2541 tenere
1085 2502 1170 2543 unam
1183 2483 1317 2551 hostiam,

229 2593 295 2661 post
306 2584 550 2643 consecrationem
571 2583 711 2640 invenerit
729 2582 818 2639 fuisse
838 2580 907 2640 duas
928 2583 1016 2642 simul
1030 2583 1155 2660 junctas,
1170 2584 1200 2643 in
1220 2603 1318 2661 sump-

229 2684 306 2742 tione
326 2693 419 2742 sumat
438 2683 524 2743 simul
544 2675 742 2754 utramque.”³
774 2682 864 2758 Igitur
884 2681 947 2740 duae
973 2682 1112 2766 habentur
1132 2696 1316 2753 consecratae,

231 2785 298 2855 quia
311 2782 443 2843 sacerdos
464 2780 554 2839 voluit
572 2797 740 2838 consecrare
761 2799 846 2853 quam
866 2782 978 2840 tenebat
1001 2784 1132 2842 manibus
1158 2785 1317 2844 materiam.

232 2882 282 2940 Sic
295 2884 320 2941 si
334 2882 461 2958 posuerit
472 2880 581 2939 hostias
595 2897 682 2956 super
695 2887 826 2956 patenam
840 2878 939 2938 decem
953 2901 1081 2949 numero,
1096 2884 1136 2940 uti
1153 2885 1318 2948 aestimabat,

232 3000 295 3054 quae
309 2991 404 3040 tamen
417 2987 497 3038 erant
508 2978 653 3045 undecim,
668 2995 768 3036 ornnes
782 2986 954 3036 consecratae
969 2979 1104 3037 habendae
1122 2993 1213 3039 erunt.
1257 2982 1319 3038 Ma·

232 3081 301 3138 teria
314 3100 377 3154 qun
398 3079 530 3137 sensibus
552 3077 662 3154 percipi
682 3085 785 3152 potest,
799 3076 958 3134 consecrari
978 3077 1061 3144 valet,
1075 3095 1163 3149 quum
1185 3078 1319 3136 Christus

233 3179 338 3239 nullam
359 3179 500 3237 definierit
519 3177 722 3250 quantitatem
742 3174 794 3233 sed
820 3175 996 3234 consuetudo
1016 3175 1154 3234 Ecclesia
1181 3176 1320 3236 servanda

235 3286 287 3336 cst.

277 3381 323 3436 14.
346 3377 474 3450 Utraqne
494 3378 612 3436 materia
633 3395 670 3434 ex
692 3387 833 3452 praecepto
855 3376 951 3435 divino
972 3377 1167 3435 consecranda
1189 3387 1241 3446 est,
1256 3396 1320 3435 nam

235 3475 367 3536 Christus
376 3478 465 3556 jussit
477 3486 508 3536 nt
520 3477 602 3535 fieret
614 3473 690 3548 quod
705 3477 766 3551 ipse
781 3476 857 3543 secit,
867 3494 970 3552 panem
981 3484 1009 3533 et
1022 3477 1118 3535 vinum
1134 3495 1319 3534 consecrans:

235 3577 309 3649 quod
332 3587 360 3635 et
380 3576 572 3656 necessarium
593 3583 681 3633 estut
700 3575 833 3634 sacrificii
853 3575 923 3634 ratio
936 3577 965 3634 in
986 3576 1114 3653 corporis
1128 3585 1157 3634 et
1175 3578 1322 3655 sanguinis

234 3676 375 3734 oblatione
389 3677 510 3735 seorsim
524 3675 598 3732 sacta
612 3673 756 3741 habeatur,
770 3675 899 3751 corporis
913 3696 929 3732 a
942 3676 1080 3753 sanguine
1094 3678 1124 3736 in
1138 3695 1221 3736 cruce
1242 3696 1323 3754 sepa·

234 3775 341 3832 ratione
361 3776 498 3856 mystice,
518 3775 559 3832 uti
585 3773 672 3841 aiunt,
693 3772 829 3831 exhibita.
871 3773 976 3833 Peccat
1000 3775 1105 3835 idcirco
1130 3778 1253 3852 graviter
1275 3777 1325 3848 qui

238 3871 397 3932 alterutram
411 3876 537 3951 speciem
558 3873 664 3945 absque
684 3872 770 3930 altera
791 3891 958 3933 consecrare
979 3876 1150 3952 aggreditur.
1186 3875 1219 3932 Si
1240 3875 1326 3949 igitur

238 3970 311 4028 desit
319 3989 417 4030 rerum
428 3975 538 4040 vinum,
550 3972 648 4045 nequit
660 3970 793 4030 sacerdos
807 3975 976 4032 sacramenti
987 3973 1193 4033 consentionem
1206 3982 1324 4039 tentare,

237 4068 272 4128 ad
285 4070 395 4148 popolo
409 4070 648 4140 satisfaciendum,
663 4071 708 4128 vel
722 4069 758 4128 ad
770 4071 993 4132 succurrendum
1007 4066 1190 4135 moribundo,
1206 4068 1251 4124 vel
1272 4069 1326 4127 alia

237 4187 418 4244 quacumque
432 4188 469 4229 ex
482 4189 576 4240 causa,
590 4171 702 4229 etiamsi
716 4178 837 4228 mortem
858 4169 885 4228 ei
898 4172 1041 4228 recusanti
1064 4168 1128 4242 quis
1150 4165 1326 4226 intentaret.⁴

273 4391 315 4458 (l)
336 4390 503 4444 Busembaum
514 4390 579 4458 apud
592 4391 618 4441 S.
632 4389 706 4456 Arpis
718 4389 734 4438 l.
746 4388 778 4438 vi.
789 4404 815 4438 n.
826 4389 885 4436 219.
955 4389 998 4452 (2)
1018 4385 1123 4436 Rubriae
1135 4385 1249 4438 Missalis.

276 4478 318 4543 (³)
336 4475 437 4526 Ibidem.
961 4474 990 4539 (4
992 4484 1003 4541 )
1023 4472 1050 4520 S.
1061 4471 1136 4538 Alph.
1148 4473 1164 4522 1.
1175 4473 1206 4523 ui.
1218 4489 1243 4524 n.
1258 4479 1313 4550 1117.
