3124 5168
239 540 258 598 8
601 533 660 595 DE
681 532 967 595 INTENTIONE.

238 701 399 780 rejicientes
413 699 491 774 quod
503 701 567 777 ipsa
580 701 646 761 lacit
658 719 716 760 non
727 700 877 760 videantur
893 700 987 760 lacere
1006 700 1098 760 velle:
1120 699 1172 759 sed
1189 699 1330 779 generalis

238 801 370 860 voluntas
383 801 472 860 errori
484 799 602 878 speciali
615 800 759 880 prevalet.
790 800 849 867 Qui
861 801 1007 879 baptizant
1018 810 1149 878 putantes
1163 799 1331 878 baptizandi

240 901 327 960 ritum
347 899 490 959 Joannem
503 900 608 959 habere
629 909 782 969 auctorem,
809 898 862 958 sed
881 899 999 959 Christo
1024 901 1185 976 probatum,
1212 910 1241 959 et
1265 899 1330 976 ejus

240 1001 404 1060 auctoritate
418 998 510 1058 adhuc
523 1000 639 1069 servari,
659 998 792 1058 videntur
808 999 914 1059 habere
927 999 1117 1060 necessariam
1130 999 1328 1068 intentionem,
1386 1001 1390 1008 '

239 1100 339 1159 volunt
357 1099 434 1158 enim
453 1099 544 1158 secere
562 1097 640 1173 quod
659 1097 794 1158 Christus
813 1098 976 1158 faciendum
981 1100 1081 1176 jussit.
1122 1097 1259 1157 Infideles
1272 1099 1329 1174 ipsi

241 1197 398 1258 Christum.
411 1205 440 1256 et
458 1198 620 1258 Ecclesiam
640 1199 744 1276 pariter
761 1198 933 1275 rejicientes,
947 1199 973 1257 si
987 1198 1059 1257 sorte
1072 1199 1217 1274 baptizare
1232 1215 1330 1276 aggre-

239 1298 353 1358 diantur
373 1316 409 1355 eo
429 1297 484 1355 ritu
506 1315 563 1371 quo
589 1295 748 1357 Christiani
769 1306 895 1367 umntur,
922 1298 1113 1357 necessariam
1138 1298 1326 1357 intentionem

237 1398 354 1464 habent,
364 1415 442 1466 nam,
454 1397 494 1456 uti
507 1396 591 1456 docet
601 1397 633 1456 S.
645 1398 787 1467 Thomas,
801 1404 821 1434 ‘⁶
830 1415 889 1457 non
900 1397 1028 1456 obstante
1039 1396 1217 1466 infidelitate,
1229 1404 1335 1474 potest·

239 1495 386 1557 intendere
400 1496 492 1556 lacere
505 1496 535 1556 id
549 1496 626 1571 quod
638 1497 706 1556 saeit
717 1497 862 1565 Ecclesia,
877 1498 944 1558 lieet
957 1496 1114 1556 aestimetid
1128 1496 1200 1556 nihil
1213 1515 1288 1566 esse,
1302 1505 1331 1554 et

240 1596 303 1656 talis
317 1597 433 1654 intentio
446 1596 553 1654 sufficit
565 1596 602 1654 ad
615 1594 873 1657 sacramentum.’'¹

193 1719 198 1730 ·
281 1699 329 1754 13.
347 1693 469 1754 Constat
478 1695 661 1756 intentionem
669 1697 858 1756 necessariam
866 1715 925 1756 non
935 1695 1048 1764 adesse,
1057 1693 1124 1753 dum
1134 1695 1264 1754 minister
1273 1714 1332 1754 non

239 1794 324 1865 serid,
335 1794 464 1872 sedjoco
477 1797 544 1874 agit,
553 1796 653 1854 saltem
667 1796 905 1870 quandocumque
914 1795 1033 1874 jocandi
1047 1795 1157 1853 animus
1169 1795 1330 1862 innotescit,

239 1895 359 1956 Lutheri
372 1896 450 1955 enim
463 1897 595 1966 assertio,
610 1896 715 1955 remitti
736 1905 853 1973 peecata
873 1894 1001 1954 credenti
1021 1913 1053 1954 se
1073 1912 1138 1952 esse
1158 1895 1329 1962 absolutum,

239 1996 308 2054 lieet
326 1994 461 2053 sacerdos
482 2013 540 2054 non
563 1994 636 2054 serib
657 1995 708 2053 sed
726 1996 794 2072 joco
814 1995 949 2063 absolvat,
971 1993 1071 2054 meritb
1098 1993 1229 2053 damnata
1254 1987 1332 2053 est:²

240 2094 349 2170 quippe
363 2112 426 2167 quae
440 2093 513 2152 salso
525 2094 667 2154 nitebatur
679 2095 833 2172 principio,
854 2093 941 2153 fidem
961 2095 1079 2172 gratiam
1093 2095 1216 2169 assequi,
1237 2111 1330 2151 sacer·

241 2192 337 2253 dotem
350 2192 424 2251 nihil
436 2191 584 2269 perficere.

283 2296 330 2350 14.
352 2293 457 2352 Utrum
482 2293 603 2352 intentio
623 2293 783 2367 requiratur
803 2310 890 2366 quam
914 2290 1068 2352 internam
1088 2301 1199 2362 vocant,
1219 2292 1331 2351 scilicet

241 2393 347 2452 mentis
374 2393 551 2470 propositum
583 2401 702 2452 externo
734 2393 810 2451 actui
835 2409 1007 2462 consonum,
1040 2395 1070 2451 in
1095 2394 1250 2466 quastione
1276 2400 1328 2450 est.

241 2491 457 2552 Affirmantibus
471 2501 572 2570 prater
583 2495 676 2570 ipsam
690 2493 749 2551 vim
762 2491 852 2564 vocis,
863 2493 940 2551 iavet
952 2490 1095 2550 damnatio
1106 2491 1328 2568 propositionis:

242 2591 357 2649 “Valet
368 2592 525 2668 baptismus
539 2593 659 2649 collatus
675 2611 691 2648 a
703 2593 845 2659 ministro,
866 2592 917 2665 qui
930 2606 1044 2649 omnem
1064 2589 1150 2647 ritum
1167 2599 1330 2656 externum,

241 2690 419 2763 formamque
441 2688 605 2766 baptizandi
624 2690 764 2760 observat,
786 2692 862 2749 intus
883 2687 950 2748 verd
970 2689 999 2746 in
1019 2687 1104 2746 corde
1127 2705 1180 2747 suo
1201 2687 1276 2764 apud
1298 2706 1330 2744 se

241 2788 376 2846 resolvit:
411 2806 470 2846 non
496 2788 612 2848 intendo
635 2778 742 2856 lacere,
769 2791 846 2863 quod
871 2790 940 2849 saeit
965 2779 1148 2847 Ecclesia.’'³
1194 2785 1329 2846 Rubricae

242 2885 372 2945 Missalis
399 2885 435 2945 de
460 2884 576 2968 desecta
601 2887 780 2947 intentionis
803 2898 919 2968 agentes
945 2887 1057 2948 dicunt:
1092 2887 1156 2946 “Si
1182 2887 1247 2961 quis
1273 2904 1333 2944 non

242 2985 362 3046 intendit
387 2986 539 3056 conficere,
566 2987 618 3047 sed
643 2987 785 3048 delusorie
811 2987 919 3064 aliquid
939 3007 1023 3067 agere
1122 2988 1190 3047 item
1216 2987 1242 3044 si
1266 2985 1331 3058 quis

241 3086 343 3146 habeat
367 3103 462 3146 coram
489 3106 520 3146 se
547 3088 681 3149 undecim
706 3088 825 3158 hostias,
847 3100 876 3148 et
894 3087 1022 3146 intendat
1046 3105 1214 3146 consecrare
1237 3084 1330 3144 selum

241 3186 353 3256 dacem,
377 3207 436 3248 non
456 3185 647 3248 determinans
668 3205 739 3261 quas
760 3187 858 3244 decem
882 3183 1011 3252 intendit,
1033 3185 1063 3242 in
1082 3185 1129 3243 his
1144 3186 1258 3244 casibus
1271 3201 1331 3242 non

242 3296 400 3353 consecrat,
421 3287 489 3359 quia
510 3287 662 3360 requiritur
681 3284 833 3344 intentio.”
877 3283 1057 3343 Gravissima
1077 3294 1172 3344 tamen
1193 3281 1331 3357 estdiffi-

241 3383 342 3454 cultas,
372 3382 518 3444 admittere
539 3387 700 3445 ministrum
730 3404 827 3462 posse,
848 3385 961 3445 occulto
982 3384 1071 3444 animi
1090 3399 1181 3453 motu,
1205 3382 1332 3442 frustrari

241 3484 337 3552 ritum,
352 3503 438 3557 quem
457 3486 575 3545 nornine
595 3485 736 3544 Ecclesia
757 3483 832 3543 sarid
853 3502 989 3562 peragere
1010 3484 1138 3544 videtur:
1160 3491 1332 3559 quapropter

242 3582 368 3658 theologi
395 3583 492 3654 aliqui
514 3603 579 3641 curn
599 3582 735 3649 Juenino,
755 3592 883 3651 censent,
910 3581 939 3640 id
959 3584 1122 3662 contingere
1148 3602 1207 3642 non
1233 3599 1330 3660 posse.

243 3678 389 3754 Equidem
403 3681 429 3738 si
448 3699 540 3738 novus
560 3678 694 3738 sacerdos
714 3681 844 3740 exercitii
863 3700 949 3740 causa
968 3689 1057 3750 totam,
1074 3685 1197 3744 Missam
1217 3689 1334 3758 peragat

244 3780 350 3852 absque
376 3778 547 3839 conficiendi
571 3779 703 3838 sacrificii
727 3780 895 3852 intentione,
937 3782 1016 3840 rocul
1036 3781 1123 3843 dubio
1145 3783 1187 3841 nil
1206 3780 1332 3848 conficit,

242 3899 331 3956 quum
345 3877 420 3939 desit
431 3880 549 3939 intentio
560 3888 618 3938 tum
631 3880 751 3949 interna,
765 3889 824 3940 tum
837 3900 900 3956 quae
921 3881 977 3940 diei
990 3902 1023 3940 ur
1033 3855 1167 3950 sxt'e'lhae
1182 3901 1240 3940 non
1253 3881 1332 3939 enirn

243 3999 275 4042 se
290 3979 407 4041 exhibet
419 3977 508 4038 veluti
520 3981 637 4040 nomine
650 3979 793 4038 Ecclesia
812 3979 886 4040 serici
901 3980 1102 4040 celebrantem.
1137 3981 1196 4040 Sed
1216 3983 1242 4039 si
1262 3982 1332 4058 pub·

242 4082 296 4142 lice
310 4081 475 4148 celebraret,
496 4080 639 4155 verbaque
656 4081 879 4140 consecrationis
893 4080 1043 4159 proferret,
1057 4082 1132 4141 intus
1147 4091 1241 4140 tamen
1257 4078 1333 4158 apud

279 4251 322 4316 (1)
341 4247 374 4299 iii.
385 4266 409 4314 p.
418 4266 460 4313 qu.
470 4248 528 4298 lxiv.
539 4254 582 4298 art.
593 4247 627 4297 ix.
639 4248 670 4297 ad
680 4247 706 4298 i.

278 4335 321 4400 (2)
340 4333 383 4381 xii.
394 4349 461 4396 prop.
473 4332 575 4382 Lutheri
586 4333 648 4384 inter
660 4333 787 4386 damnatas
798 4349 813 4383 a
824 4331 907 4383 Leone
919 4333 952 4383 X.
987 4333 1051 4384 Vide
1061 4341 1086 4384 et
1097 4335 1174 4384 Cone.
1186 4333 1254 4384 Tria.
1266 4333 1331 4383 Sess.

243 4415 413 4470 rimosa-ix.
446 4416 583 4484 Depoem't.
970 4435 972 4446 ⁴

280 4503 323 4571 (³)
343 4501 420 4568 Prop.
431 4493 514 4550 xxviii
530 4502 596 4553 inter
608 4503 743 4557 damnatas
754 4503 786 4557 ab
799 4471 942 4556 Alexandro
952 4505 1020 4556 vm.
