3108 5162
252 581 312 642 ddd
546 575 604 640 DE
625 575 1050 638 DISPENSATIONIBUS.

257 749 291 810 ln
304 745 519 824 dispensatione
539 743 693 818 aliquando
712 745 838 804 occurrit
856 743 1003 804 clausula:
1025 741 1212 803 “dummodo
1224 743 1345 821 impedi·

253 855 382 906 mentam
396 824 539 904 oecultum
553 845 590 902 sit
599 843 629 911 ;’'
651 843 730 918 quod
742 863 802 904 non
815 845 906 922 exigit
917 853 949 904 ut
960 845 1079 903 omnino
1092 845 1186 910 lateat,
1202 843 1253 902 eed
1265 853 1297 902 ut
1309 843 1345 902 ad

256 947 348 1006 forum
375 953 526 1004 externum
551 962 610 1002 non
635 945 674 1002 sit
697 943 898 1004 verosimiliter
918 942 1131 1029 deducendum.
1175 942 1209 1001 Si
1234 942 1343 1019 duplex

254 1047 292 1105 sit
303 1045 543 1122 consanguinitas,
567 1043 613 1102 vel
632 1044 657 1102 si
679 1043 816 1120 graduum
836 1043 1010 1117 inequalitas
1034 1044 1139 1102 oriatur
1159 1059 1197 1099 ex
1218 1061 1253 1100 eo
1267 1041 1344 1116 qnod

254 1145 361 1204 femina
386 1145 424 1202 sit
442 1143 629 1220 propinquior
654 1143 753 1218 stipiti,
776 1151 808 1200 ut
831 1143 857 1200 si
882 1143 919 1200 sit
944 1143 1039 1212 amita,
1066 1140 1270 1218 exponendum
1290 1151 1342 1199 eet
1402 1178 1406 1183 -

254 1243 327 1304 Item
341 1245 366 1302 si
379 1244 482 1320 copula
500 1241 596 1300 habita
616 1242 654 1299 rit
675 1239 711 1300 ad
731 1241 843 1300 facilius
864 1241 1070 1319 impetrandam
1090 1241 1343 1318 dispensationem,

254 1361 357 1420 pravus
371 1342 418 1400 ille
439 1341 505 1399 tinia
525 1339 711 1400 declarandus
734 1355 787 1408 est,
807 1325 1044 1413 quandocumque
1067 1339 1104 1400 ob
1124 1340 1258 1416 copulam
1280 1341 1341 1416 jam

253 1441 376 1500 habitam
389 1439 565 1516 dispensatio
585 1435 743 1513 quaritur.¹
783 1440 816 1498 Si
837 1441 902 1513 quis
924 1449 990 1516 post
1009 1437 1252 1515 dispensationem
1274 1439 1343 1496 rela-

253 1540 341 1607 batur,
362 1546 390 1596 et
408 1539 534 1616 indigeat
554 1539 607 1596 alia
627 1537 850 1614 dispensatione.
871 1539 949 1616 prior
970 1539 1001 1597 in
1020 1539 1158 1616 petitione
1173 1537 1344 1614 exponenda

251 1631 419 1697 etiamest.¹
458 1637 569 1712 Siquis
583 1637 654 1696 duas
668 1655 780 1698 sorores
794 1655 908 1715 sponse
928 1639 1103 1714 cognoverit,
1119 1636 1148 1695 id
1161 1638 1191 1695 in
1204 1639 1341 1730 petitione
1441 1707 1446 1714 Ι
1535 1639 1536 1676 ³

251 1735 452 1796 declarandum
466 1732 536 1796 est³
1203 1809 1205 1818 .

290 1840 361 1897 217.
383 1837 417 1895 δί
435 1854 522 1895 causa
541 1835 764 1912 dispensationis
784 1844 877 1896 cesset
898 1845 1048 1909 antequam
1067 1837 1233 1895 executioni
1259 1835 1342 1893 fucrit

251 1935 421 1996 demandata
440 1937 475 1996 ab
494 1955 529 1996 eo
549 1935 595 1994 cui
617 1934 744 2013 delegata
764 1945 809 1994 est
828 1935 1013 2013 dispensandi
1034 1936 1163 2003 facultas,
1177 1943 1271 1993 cessat
1283 1934 1340 1992 dis·

250 2038 399 2112 pensatio:
420 2055 474 2095 nec
487 2037 564 2095 enim
578 2035 722 2112 delegatur
734 2035 852 2093 facultas
873 2035 930 2093 nisi
952 2053 986 2093 ea
1006 2034 1178 2103 conditione,
1202 2045 1234 2094 ut
1246 2053 1290 2091 res
1303 2035 1343 2090 ita

251 2151 282 2192 se
297 2134 428 2202 habeant,
453 2134 522 2194 dum
542 2135 718 2210 dispensatio
733 2133 824 2194 datur.
866 2133 900 2191 Si
913 2143 1006 2191 cesset
1019 2144 1086 2210 post
1098 2133 1343 2211 dispensationem

249 2231 354 2301 datam,
368 2234 435 2293 licet
447 2241 512 2290 ante
525 2233 747 2300 matrimonium,
767 2233 810 2291 nil
829 2233 930 2300 obstat,
945 2233 1011 2305 quia
1023 2233 1072 2291 lex
1087 2235 1149 2311 jam
1163 2242 1208 2290 est
1222 2233 1338 2290 sublata.

289 2335 360 2390 218.
382 2331 416 2390 Si
436 2330 572 2391 dubitatio
592 2333 697 2390 oriatur
719 2330 754 2390 de
780 2351 865 2390 causa
884 2330 1115 2407 dispensationis,
1135 2342 1230 2390 utrum
1256 2331 1340 2388 fuerit

249 2449 326 2499 vera,
341 2451 377 2490 an
391 2431 472 2499 falsa,
486 2431 640 2508 impulsiva
653 2450 689 2488 an
702 2431 807 2500 finalis,
822 2431 990 2507 plerumque
1004 2431 1182 2508 dispensatio
1195 2429 1339 2488 censenda

250 2540 293 2588 est
305 2531 409 2599 valida,
424 2531 490 2603 quia
503 2531 533 2590 in
547 2530 633 2589 dubio
646 2528 775 2588 eandum
791 2537 835 2586 est
847 2547 899 2605 pro
913 2530 1010 2588 valore
1024 2541 1113 2588 actus.

287 2632 358 2686 219.
392 2629 426 2686 Si
450 2638 516 2704 post
540 2627 633 2686 datam
665 2621 906 2704 dispensationem
933 2629 968 2685 ab
995 2629 1200 2705 impedimento
1227 2626 1338 2685 occulto

247 2725 400 2793 affinitatis,
414 2727 515 2784 iterum
536 2735 636 2801 peccet
654 2735 748 2783 orator
772 2745 838 2783 oum
857 2727 957 2784 eadem
982 2729 1192 2804 consanguinea
1214 2743 1336 2802 sponsae,

246 2832 309 2882 ante
324 2824 543 2890 matrimonium,
558 2839 616 2881 non
629 2822 739 2880 videtur
748 2823 876 2900 indigere
887 2843 961 2882 nova
973 2822 1198 2900 dispensatione,
1213 2825 1280 2899 quia
1292 2833 1336 2882 est

248 2919 347 2978 eadem
361 2919 491 2977 affinitas.

284 3021 355 3076 220.
379 3017 413 3076 Si
439 3027 505 3096 post
529 3017 770 3096 dispensationem
796 3023 940 3080 obtentam
967 3042 1055 3100 super
1079 3025 1167 3101 gradu
1194 3023 1335 3100 prohibito
1427 3043 1430 3048 ·
1522 3029 1529 3036 '

245 3118 346 3196 sponsi
360 3118 416 3194 ipsi
436 3127 546 3186 coeant,
572 3136 647 3177 nova
663 3119 747 3194 juxta
767 3121 874 3197 stylum
895 3123 1127 3200 curiae‚exigitur
1149 3123 1334 3201 dispensatio.

246 3218 289 3278 Ita
302 3218 455 3278 declaravit
468 3219 500 3276 S.
517 3216 554 3276 0.
568 3236 668 3276 mense
682 3220 755 3298 Maji
772 3224 859 3278 1635.

283 3322 353 3378 221.
375 3317 453 3378 Dum
468 3319 502 3376 ab
521 3319 659 3394 episcopo
680 3321 814 3391 queritur
834 3319 1007 3396 dispensatio
1021 3339 1108 3397 snper
1128 3320 1334 3398 impedimento

245 3418 370 3495 publico,
382 3418 523 3478 occultum
537 3437 595 3477 non
609 3427 654 3476 est
666 3419 853 3487 reticendum,
868 3419 945 3492 quod
959 3420 1067 3479 scilicet
1076 3439 1113 3478 ex
1127 3422 1229 3497 copula
1239 3419 1337 3478 illicita

245 3518 388 3595 provenit,
402 3518 457 3576 nisi
471 3519 582 3593 placeat
593 3515 662 3576 illud
682 3520 827 3578 secretiori
840 3519 886 3576 via
904 3537 1058 3604 exponere.
1100 3520 1133 3578 si
1147 3520 1210 3578 data
1223 3519 1260 3577 sit
1279 3517 1335 3575 dis-

245 3616 375 3687 pensatio
386 3615 566 3674 consobrinis
580 3637 615 3674 v:
638 3636 688 3693 gr:
711 3627 739 3676 et
752 3618 809 3694 ipsi
830 3617 964 3694 deinceps
987 3627 1138 3692 antequam
1162 3619 1337 3695 dispensatio

242 3707 405 3764 executioni
426 3708 594 3769 demandata
614 3714 698 3770 suerit
710 3728 821 3784 coeant,
835 3719 889 3775 erit
908 3718 994 3776 altera
1013 3718 1190 3795 dispensatio
1204 3715 1336 3793 petenda.

244 3805 277 3865 Si
292 3811 357 3883 post
370 3802 613 3881 dispensationem
636 3812 799 3876 executioni
820 3813 1021 3874 demandatam
1041 3826 1151 3886 coeant,
1164 3817 1248 3884 valet,
1268 3816 1337 3873 licet

242 3907 398 3966 clausulam
407 3903 587 3974 continuerit,
602 3905 717 3964 “modo
730 3910 833 3985 copula
846 3929 903 3970 non
915 3914 1074 3974 interfuerit
1083 3916 1114 3985 ;’‘
1129 3935 1194 3974 nam
1204 3915 1335 3974 utvaleat

241 4005 349 4066 sufficit
361 4026 423 4066 eam
437 4025 494 4066 non
508 4007 694 4068 intervenisse
709 4017 860 4086 antequam
880 4011 1058 4092 dispensatio
1072 4016 1235 4076 executioni
1249 4014 1335 4073 suerit

242 4105 418 4166 demandata.

279 4209 349 4265 222.
371 4207 404 4264 Si
417 4207 612 4267 contrahentes
626 4208 683 4265 sint
695 4207 816 4268 duarum
830 4211 985 4272 dioecesum
1000 4222 1118 4286 uterque
1132 4214 1237 4290 praesul
1249 4211 1333 4270 debet

374 4381 416 4445 (l)
436 4377 529 4428 Bened.
541 4378 610 4427 XIV.
625 4379 711 4428 Pastor
722 4382 808 4442 bonus,
822 4386 845 4443 ξ.
856 4384 898 4433 42.

375 4464 417 4527 (2)
437 4461 463 4510 S.
476 4462 552 4526 Alph.
564 4463 580 4511 1.
593 4463 623 4511 vi.
635 4479 659 4511 n.
674 4465 746 4513 1137.

372 4546 414 4610 (3)
435 4543 526 4593 Bened.
537 4543 607 4592 XIV.
619 4545 690 4594 Brav.
702 4547 758 4596 Etsi
769 4550 951 4601 matrimonialis
963 4555 995 4602 ³0
1008 4551 1074 4617 Sept.
1091 4556 1163 4604 1755.
