3108 5162
289 518 349 588 ³26
682 520 739 596 DE
761 519 979 582 DIVORTIO.

330 699 397 754 199.
419 693 523 752 Mutuo
543 707 686 751 consensu
700 690 737 749 ob
751 689 934 766 perfectionis
948 689 1072 751 studium
1085 693 1167 752 licet
1181 691 1362 769 conjugibus
1379 709 1392 746 a

288 794 362 854 thori
384 791 585 852 communione
599 807 630 850 se
643 805 785 867 separare,
800 807 867 848 nam
887 807 996 849 merces
1016 792 1143 850 caelestis
1168 809 1301 849 uxorem
1320 791 1394 848 reliu-

288 895 385 967 quenti
405 900 520 968 proptar
549 889 697 950 Christum
721 889 862 966 promissa
894 883 970 948 estt¹
1006 902 1034 949 et
1059 892 1238 968 Apostolus
1264 889 1394 948 orationis

287 1013 373 1054 cauta
386 991 524 1070 permittit
542 999 603 1048 uta
622 987 767 1050 contuetis
787 987 889 1047 officiis
906 987 1089 1050 abstineant.²
1122 989 1291 1048 Caeterum
1311 988 1396 1045 neutri

287 1094 459 1172 permittitur
471 1091 639 1168 religionem
652 1087 789 1168 profiteri,
804 1087 860 1146 nisi
874 1089 942 1146 alter
955 1107 1068 1164 quoque
1078 1090 1284 1166 profiteatur3
1299 1086 1396 1146 sufficit

289 1203 383 1252 tamen
406 1201 437 1250 ut
461 1198 557 1248 votum
583 1195 728 1264 nuncupet
748 1186 874 1264 simplex
893 1206 967 1247 uxor
986 1209 1048 1263 que
1073 1192 1146 1249 “ita
1176 1207 1282 1248 senex
1306 1197 1349 1244 est
1371 1194 1395 1240 et
1505 1240 1510 1283 t

288 1291 392 1352 sterilis
403 1287 480 1362 quod
493 1290 555 1347 sine
569 1288 732 1365 suspicione
743 1287 835 1362 potsit
847 1305 909 1345 eese
923 1289 953 1346 in
967 1281 1120 1347 seculo.’'³
1159 1290 1208 1348 Ut
1222 1290 1271 1346 vir
1284 1285 1392 1344 ordines

287 1409 383 1450 sacros
397 1388 545 1464 turcipiat,
559 1405 634 1446 uxor
647 1387 731 1446 debet
745 1388 969 1446 “continentiam
984 1388 1109 1465 profiteri
1120 1385 1175 1456 ;”⁴
1190 1386 1278 1462 quod
1287 1385 1391 1443 devoto

286 1490 315 1548 in
330 1487 435 1548 seculo
448 1489 555 1546 emisso
567 1488 692 1564 explicat
703 1487 735 1543 S.
747 1485 931 1563 Alphonsus:
947 1487 1041 1546 sedda
1054 1488 1251 1563 professione
1262 1485 1392 1561 religiosa

287 1587 504 1666 intelligendum
518 1586 661 1645 existimat
680 1585 855 1646 Benedictus
869 1583 969 1644 XlV.⁵
1009 1587 1042 1644 Si
1061 1606 1137 1646 uxor
1163 1586 1310 1646 adulterii
1331 1599 1390 1642 nos·

287 1697 363 1746 catur
383 1706 440 1755 rea,
455 1687 522 1745 licet
541 1686 652 1754 marito,
668 1687 758 1764 ipsiu·
782 1705 926 1746 consensu
945 1685 1022 1746 haud
1045 1689 1203 1760 requisito,
1220 1684 1389 1762 religionem

287 1787 425 1865 profiteri,
440 1805 505 1844 nem
519 1787 649 1862 ingresso
663 1784 786 1860 quodam
800 1787 1014 1854 monasterium,
1029 1803 1182 1859 uxoreque
1210 1791 1353 1858 querente
1365 1777 1390 1836 id
1508 1687 1512 1940 1

286 1886 391 1946 sactum
405 1905 468 1946 esse
483 1903 513 1944 se
525 1885 622 1953 invita,
633 1885 722 1963 jussit
734 1885 870 1944 Pontifex
883 1895 914 1944 ut
926 1904 972 1944 res
986 1884 1138 1964 diligenter
1152 1885 1386 1961 investigaretur,

287 1996 316 2046 et
334 1995 480 2064 cogeretur
505 1985 594 2044 horno
616 1985 652 2044 ad
678 2001 799 2044 uxorem
825 1984 926 2052 redire,
941 1985 996 2043 nisi
1018 1986 1256 2045 “fornicationis
1284 1983 1387 2040 crimen

288 2085 415 2166 (propter
437 2084 515 2158 quod
535 2087 596 2144 viro
622 2085 690 2142 licet
706 2083 847 2142 dimittere
874 2082 1008 2164 uxorem)
1035 2085 1205 2162 predictam
1237 2082 1385 2148 mulierem

287 2171 520 2242 commississe”⁶
533 2192 681 2241 constaret.
713 2182 863 2256 Plerisque
876 2183 1019 2260 theologis
1030 2185 1123 2243 visum
1136 2187 1232 2244 etiam
1247 2191 1294 2240 est
1306 2180 1387 2238 licere

287 2283 357 2350 viro,
371 2283 454 2360 cujus
467 2299 541 2339 uxor
553 2282 590 2340 ob
611 2280 780 2341 adulterium
797 2282 905 2360 judicis
929 2287 1069 2344 sententia
1082 2284 1210 2344 dimissa
1225 2291 1282 2351 cst,
1294 2293 1383 2336 sacros

287 2383 432 2459 suscipere
446 2381 569 2450 ordines,
583 2401 670 2456 quum
685 2383 749 2460 ipsa
761 2382 810 2460 jus
823 2401 909 2442 omne
923 2385 953 2442 in
967 2401 1033 2442 eum
1047 2403 1099 2442 suo
1110 2385 1223 2449 delicto
1234 2366 1384 2442 amiserit:⁷

290 2482 341 2542 sed
355 2482 387 2540 S.
404 2482 500 2562 (long.
532 2482 729 2555 inquisitionis
742 2483 771 2540 in
785 2501 852 2540 casu
866 2482 984 2560 speciali
997 2484 1107 2542 censuit
1126 2482 1308 2542 monendam
1322 2491 1381 2533 esse
1407 2515 1412 2523 ,
1511 2495 1512 2570 p

287 2583 366 2658 prius
381 2581 545 2646 adulterum,
561 2601 623 2654 qute
636 2583 721 2640 etiarn
735 2581 875 2640 secundas
892 2582 1005 2660 nuptias
1019 2591 1210 2650 attentaverat,
1226 2592 1258 2642 et
1270 2571 1381 2638 nonnisi

286 2681 349 2757 ipse
362 2682 542 2757 pertinaciter
561 2689 760 2756 perseverante
775 2681 892 2739 ulterius
914 2675 1150 2758 procedendum.⁸
1178 2682 1266 2743 Reus
1286 2671 1379 2747 nequii

285 2778 454 2854 religionem
468 2777 604 2854 profiteri,
619 2779 725 2836 nisiex
738 2780 823 2837 venia
836 2781 1006 2848 innocentis,
1020 2781 1072 2839 sed
1092 2791 1156 2858 post
1168 2782 1323 2842 biennium
1332 2775 1377 2851 jus

285 2877 399 2952 supplet
411 2893 595 2942 consensum,
610 2876 728 2936 hebetur
740 2879 817 2936 enim
832 2878 920 2938 veluti
934 2880 1070 2957 perpetui
1085 2873 1254 2939 dimissus.9
1294 2867 1374 2942 Qu⁰d

285 2975 310 3032 si
336 2973 499 3052 profiteatur
523 2974 700 3052 religionem,
727 2977 773 3037 vel
793 2996 890 3038 sacros
915 2981 1053 3057 suscipiat
1074 2980 1199 3050 ordines,
1226 2998 1290 3040 non
1316 2971 1375 3032 ideo

284 3075 452 3134 tenebitur
445 3093 582 3135 innocens
597 3084 663 3136 voto
676 3079 899 3137 eontinentiaese
912 3078 1019 3156 ligere.
1042 3097 1155 3153 oequum
1168 3080 1249 3140 enim
1264 3093 1322 3139 non
1333 3077 1373 3128 est
1503 2996 1512 3192 9

194 3209 197 3213 ·
285 3185 316 3234 nt
328 3195 401 3236 onus
415 3176 477 3235 tllr
469 3185 643 3252 imponatur
1504 3208 1509 3269 p

1457 2833 1477 2882 ι
1505 2806 1509 2917 ἶ

322 3371 364 3437 (l)
385 3372 516 3425 Mattxix.
529 3375 570 3422 29.
841 3377 884 3442 (2)
906 3375 1019 3426 lilon'
997 3377 1038 3426 vri.
1050 3380 1074 3426 5.

320 3460 362 3524 (3)
383 3457 445 3522 Cep.
456 3457 488 3508 iv.
500 3458 529 3510 de
541 3473 645 3511 concere.
656 3460 756 3528 conjug.
838 3463 881 3528 (t)
901 3461 961 3526 Cap.
973 3478 995 3510 ι.
1008 3461 1038 3512 de
1048 3477 1154 3514 macera
1147 3466 1228 3534 ..conj

319 3547 361 3609 (tt)
382 3542 420 3592 De
433 3543 495 3608 Syn.
506 3543 523 3592 l.
534 3543 587 3592 xiii.
599 3544 711 3594 cxiin.
727 3546 766 3593 16.
842 3547 884 3612 (6)
904 3547 932 3596 C.
944 3547 1076 3608 Agathone,
1088 3548 1164 3600 xxvii.
1176 3550 1250 3613 quii

318 3627 360 3689 (7)
380 3625 406 3671 S.
419 3625 494 3688 Alph.
504 3627 520 3674 l.
533 3626 565 3674 vi.
576 3643 602 3676 n.
614 3629 673 3676 969.
836 3629 970 3696 ()Decr.
982 3631 1007 3680 S.
1021 3631 1051 3682 G
1062 3632 1154 3698 inquis.
1169 3637 1198 3684 1³
1209 3629 1366 3686 Marmtetl

320 3709 361 3772 (9)
382 3705 538 3756 Anthentica.
550 3708 593 3757 sed
603 3709 727 3770 nodie‚c.
736 3709 793 3760 edl.
802 3711 879 3762 Juld
819 3713 977 3764 uldeedult

1504 3984 1508 4027 9

1508 4041 1512 4168 9
