3108 5162
481 580 538 641 DE
561 578 741 640 ostelens
762 573 1008 636 OONJUGUM.
1230 572 1289 628 305

626 1100 769 1161 CAPUT
790 1098 845 1160 lll.

548 1317 587 1356 DE
609 1316 737 1357 osricus
756 1317 925 1357 GONJUGUM.

379 1509 382 1516 ·
469 1478 496 1552 §.
512 1477 536 1536 l.
578 1475 626 1534 Du
647 1494 774 1534 osrrcrrs
788 1495 1006 1536 ouusnsnrous.

232 1654 281 1708 59.
302 1647 453 1709 individua
472 1647 535 1706 vitae
557 1645 732 1704 consuetudo
752 1646 891 1704 servanda
903 1657 947 1705 est
959 1649 1033 1706 inter
1046 1649 1195 1727 conjuges,
1210 1649 1280 1710 adeo

191 1759 224 1808 ut
235 1759 335 1808 neuter
348 1749 459 1816 debeat,
480 1747 568 1806 altero
589 1746 688 1812 invito,
711 1745 856 1803 discedere
878 1765 894 1803 a
916 1747 1013 1816 domo,
1037 1766 1138 1806 mensa
1160 1759 1188 1806 et
1208 1758 1279 1808 toro.

193 1848 337 1908 Caetcrum
364 1849 456 1926 major
477 1846 591 1905 libertas
613 1846 714 1903 marito
734 1845 914 1921 permittitur,
935 1865 1020 1918 quam
1047 1849 1142 1915 uxori,
1164 1857 1222 1907 tum
1244 1851 1279 1908 ob

189 1949 368 2028 negotiorum
392 1947 601 2012 necessitatem,
623 1955 682 2003 tum
696 1945 732 2002 ob
752 1963 837 2004 sexus
858 1947 1066 2020 praestnntiam3
1087 1946 1138 2006 sed
1158 1949 1281 2024 graviter

189 2057 289 2124 peccat
315 2047 432 2106 maritus
457 2046 557 2104 uxoris
583 2044 756 2104 consortium
790 2043 936 2114 deserens,
963 2047 1008 2104 vel
1043 2046 1091 2104 diu
1119 2048 1277 2125 negligens.

190 2146 296 2206 Peccct
309 2147 431 2224 graviter
451 2146 501 2218 qui
520 2144 614 2203 solum
639 2150 728 2201 mutat
747 2153 863 2211 temere,
885 2144 1008 2222 conjuge
1029 2143 1173 2214 derelicta,
1195 2165 1280 2220 quam

191 2255 300 2304 tenetur
322 2246 533 2322 quamprimum
561 2260 719 2309 accersere,
742 2251 774 2300 ut
799 2244 913 2320 culpam
940 2253 1059 2321 reparet.
1101 2245 1280 2323 Regulariter

191 2354 300 2404 tenetur
321 2362 394 2402 uxor
407 2345 489 2416 sequi
504 2343 679 2402 domicilium
699 2343 763 2410 viri,
784 2341 851 2398 licet
872 2342 943 2400 illud
964 2353 1054 2402 mutet
1076 2345 1183 2417 absque
1202 2346 1281 2422 justa

192 2463 287 2511 causa,
311 2441 466 2502 dummodo
487 2444 601 2501 nonsit
622 2441 721 2516 turpis,
743 2440 810 2514 quia
830 2459 894 2499 cum
914 2443 957 2499 vir
976 2449 1060 2518 caput
1080 2445 1127 2510 sit,
1148 2444 1211 2520 ejus
1238 2452 1282 2501 est

193 2541 290 2602 sedem
305 2542 420 2620 eligere.
463 2543 589 2600 Tenetur
603 2540 719 2608 idcirco,
735 2539 835 2598 marito
849 2539 877 2597 id
894 2542 1037 2618 exigente,
1053 2551 1182 2618 parentes
1196 2544 1280 2618 patri·

193 2661 296 2716 amque
309 2642 506 2715 derelinquere
520 2651 548 2698 et
561 2643 589 2699 in
600 2640 717 2716 regione
736 2639 894 2716 longinqua
907 2641 1082 2698 consistere:
1104 2640 1153 2698 sed
1167 2642 1191 2699 si
1206 2640 1281 2701 haurd

193 2743 240 2801 diu
268 2742 412 2801 abluturus
434 2744 480 2810 sit,
504 2741 607 2817 poterit
626 2741 690 2817 ejus
710 2737 831 2797 reditum
852 2739 929 2798 domi
951 2749 1118 2816 expectare:
1154 2740 1229 2814 quod
1256 2744 1280 2800 si

191 2851 290 2920 urgeat
308 2843 424 2900 maritus
435 2851 467 2900 ut
479 2857 577 2898 secum
591 2839 644 2897 iter
658 2839 688 2896 in
700 2840 771 2897 mari
785 2848 858 2916 agat,
873 2838 956 2898 debet
968 2839 1172 2918 obtemperare.
1210 2841 1279 2901 Non

192 2950 301 2999 tenetur
313 2959 381 2998 curn
395 2949 543 3016 vagantem
558 2939 651 3011 sequi,
666 2939 722 2996 nisi
732 2939 870 3014 nupserit,
884 2941 971 3016 probe
985 2941 1101 2998 conscia
1113 2959 1179 3000 eum
1193 2941 1278 3000 vitam

193 3040 296 3098 ducere
322 3040 469 3106 incertam,
490 3055 541 3114 per
559 3036 689 3113 regiones
711 3039 801 3096 varias
824 3039 877 3096 iter
897 3046 1036 3115 agentem.
1079 3039 1149 3096 Non
1170 3048 1280 3101 tenetur

193 3157 259 3197 curn
272 3139 406 3214 proximo
420 3138 482 3195 vitos
495 3137 540 3195 vel
555 3135 654 3208 salutis
667 3137 793 3213 periculo
806 3139 833 3196 ei
847 3137 984 3195 comitari.
1027 3137 1112 3205 Quod
1126 3138 1151 3194 si
1165 3139 1281 3197 maritus

193 3238 262 3295 velit
275 3237 303 3295 in
317 3235 471 3314 longinqua
484 3255 514 3293 se
528 3235 668 3305 conferre,
683 3237 732 3294 ubi
752 3237 870 3295 deerunt
888 3235 1014 3295 subsidia
1026 3237 1134 3304 salutis,
1149 3237 1280 3313 precibus

193 3355 259 3394 eum
274 3336 387 3395 flectere
400 3337 503 3412 poterit
514 3353 596 3403 uxor,
611 3335 663 3393 sed
676 3335 724 3394 vix
743 3337 769 3394 ei
790 3335 865 3394 nolle
886 3337 1091 3412 obtemperare,
1112 3355 1178 3395 nam
1198 3335 1279 3396 Dcns

192 3454 250 3495 non
273 3435 364 3494 decrit
385 3436 441 3512 piis
463 3436 525 3512 ejus
548 3435 705 3494 conatibus.
747 3437 869 3494 Maritus
895 3436 1063 3512 plerumque
1088 3453 1146 3494 non
1173 3445 1281 3496 tenetur

191 3553 287 3593 secum
311 3535 414 3594 ducere
428 3553 559 3603 uxorem,
573 3553 637 3592 cum
649 3535 764 3612 magnei
774 3533 946 3594 ncommodo
959 3543 988 3592 ct
1000 3536 1150 3612 impensis,
1164 3535 1278 3610 quando

192 3635 370 3713 negotiorum
385 3654 470 3694 causa
484 3635 701 3693 circumcursari
715 3634 875 3712 contigerit.

232 3739 281 3794 60.
303 3735 399 3804 Quum
415 3735 627 3794 matrimonium
648 3733 713 3792 ideo
734 3734 843 3792 ineatur
862 3743 893 3791 ut
912 3733 1049 3812 conjuges
1063 3753 1119 3792 una
1134 3735 1191 3793 sint
1204 3753 1279 3806 coro,

193 3833 273 3891 valde
296 3853 327 3892 se
348 3836 469 3894 invicem
489 3833 608 3910 diligere
635 3832 755 3891 debent:
779 3841 895 3892 “nemo
921 3832 997 3892 enim
1018 3853 1144 3908 unquam
1165 3852 1278 3893 carnem

193 3949 273 3988 suam
298 3932 364 3990 odio
386 3929 533 3990 habuit.”¹
573 3932 765 3992 Dilectioncm
785 3931 860 3991 hanc
874 3934 974 3992 marito
987 3933 1144 4010 presertim
1158 3934 1281 4010 injungit

193 4031 361 4106 Apostolus,
386 4028 495 4088 Christi
516 4050 582 4108 erga
604 4031 767 4091 Ecclesiam
789 4031 891 4091 affectu
910 4031 1050 4090 benevolo
1064 4033 1093 4088 in
1113 4027 1281 4107 eremplum

192 4129 363 4205 proposito:
386 4129 480 4187 “Viri
500 4129 609 4207 diligite
629 4149 735 4190 uxores
749 4139 866 4198 vestras,
890 4131 964 4188 sicut
982 4137 1011 4186 ot
1032 4129 1166 4187 Christus
1180 4129 1282 4188 dilexit

192 4228 369 4296 Ecclesiam,
383 4238 412 4286 et
425 4229 554 4304 seipsum
568 4229 682 4288 tradidit
694 4249 747 4308 pro
760 4222 844 4288 ea.”²
869 4228 955 4296 Quod
969 4237 1061 4286 autem
1077 4226 1212 4287 Christus
1225 4231 1280 4288 ait:

192 4335 212 4364 “
221 4327 254 4386 Si
268 4330 335 4403 quis
355 4327 451 4386 veniat
470 4327 505 4384 ad
519 4347 575 4398 me,
589 4338 619 4388 et
631 4348 688 4388 non
702 4328 761 4388 odit
774 4337 882 4405 patrem
896 4345 991 4394 suum,
1006 4336 1035 4384 et
1047 4337 1175 4395 matrem,
1190 4338 1219 4387 et
1231 4347 1282 4390 ux.

398 4531 441 4598 (l)
460 4529 525 4598 Epis
538 4546 561 4579 v.
573 4533 613 4580 29.
867 4531 910 4597 (2)
930 4529 1080 4592 uidemus.

707 4615 746 4672 27
757 4614 774 4647 *
