3108 5162
263 553 324 612 dib
460 547 518 610 DF.
538 543 859 608 tnrnnttttEN'rts
880 545 1154 608 MATRIMONII.

264 711 450 792 dispensatio.
489 715 522 774 st
536 713 668 772 alteruter
680 711 765 772 luerit
777 713 858 771 bone
872 711 950 781 fidei,
964 714 1088 791 conjuge
1100 722 1211 772 mortua
1224 711 1259 769 fit
1281 711 1381 770 locus

263 815 345 872 novis
371 813 497 891 nuptiis:
519 831 583 887 que
605 813 660 871 nisi
680 811 758 870 initae
778 811 892 879 suerint,
908 821 1006 888 percat
1031 813 1079 893 qui
1099 812 1170 890 petit
1193 811 1243 868 vel
1267 809 1383 869 reddit
1462 845 1463 848 =

264 907 399 972 debitum.
443 911 590 972 Dubitatio
616 921 710 970 autem
736 910 771 968 de
791 910 923 986 conjugis
943 921 1034 970 morte
1056 929 1113 970 nou
1133 910 1200 970 iacit
1222 918 1254 967 ut
1272 908 1379 967 liceat

264 1029 354 1070 novas
363 1011 433 1070 inire
443 1012 565 1089 nuptias,
576 1009 626 1068 sed
637 1009 774 1068 certitudo
785 1008 917 1086 exigitur,
929 1011 970 1068 uti
982 1008 1208 1087 supradiximus.
1231 1008 1378 1074 Quando

265 1110 404 1188 contingit
423 1111 533 1184 aliquos
546 1110 592 1168 his
606 1109 727 1168 vinculis
752 1107 844 1186 ligari,
857 1117 886 1166 et
899 1125 1015 1168 omnem
1030 1108 1165 1168 amissam
1181 1125 1248 1166 esse
1270 1125 1373 1184 spem

266 1210 308 1268 rei
328 1210 451 1268 veritatis
465 1207 640 1285 detegendae,
649 1208 674 1264 si
688 1207 926 1283 praesumptiones
939 1207 1038 1266 mortis
1052 1208 1183 1284 conjugis
1200 1206 1376 1264 vehemen-

266 1319 309 1365 tes
329 1309 395 1372 sint,
410 1307 508 1366 licebit
529 1307 624 1366 forsan
638 1323 700 1373 eos,
715 1307 764 1378 qui
785 1327 801 1365 a
821 1304 954 1363 diuturna
975 1306 1181 1365 consuetudine
1202 1305 1289 1363 avelli
1315 1305 1375 1361 vix

265 1413 405 1482 poterunt,
420 1405 603 1482 conjungere,
617 1415 674 1462 uta
686 1415 763 1462 certo
776 1405 887 1462 interitu
898 1405 1061 1480 eripiantur.

307 1507 373 1562 170.
396 1504 428 1561 Si
454 1523 484 1562 re
508 1505 676 1580 investigata
696 1512 807 1562 constet
825 1504 978 1580 conjugem
1002 1519 1065 1561 esse
1089 1502 1280 1579 superstitem,
1305 1519 1370 1559 nec

264 1599 381 1660 reddere
401 1621 454 1662 nec
478 1612 574 1679 petere
595 1604 662 1662 licet
681 1600 817 1668 debitum,
839 1603 949 1660 etiamsi
970 1603 1043 1659 bona
1068 1601 1124 1660 lide
1144 1600 1371 1658 matrimonium

264 1685 423 1758 secundum
436 1701 539 1758 initum
553 1701 646 1768 fuerit,
661 1717 726 1758 nam
750 1701 936 1777 praesumptio
948 1699 1023 1758 cedit
1036 1699 1120 1766 iacto,
1135 1708 1162 1756 et
1178 1699 1271 1756 coitus
1291 1716 1369 1756 eum

265 1797 369 1870 aliqua,
384 1799 506 1876 conjuge
518 1800 680 1877 superstite,
695 1799 862 1858 adulterium
877 1808 930 1868 est,
945 1809 1118 1875 quapropter
1132 1796 1244 1854 “debet
1257 1798 1363 1872 potius

265 1897 570 1957 excommunicationis
583 1898 751 1956 sententiam
765 1897 910 1956 humiliter
923 1899 1075 1966 sustinere,
1087 1915 1171 1970 quam
1181 1913 1232 1972 per
1244 1895 1366 1952 annale

266 1998 470 2056 commercium
486 2009 631 2074 peceatum
646 1995 757 2072 operari
767 1993 934 2054 mortale.”¹

307 2098 374 2153 171.
396 2094 548 2154 Honestate
569 2093 693 2174 publico
719 2093 956 2170 impedimentum
983 2094 1085 2152 dicitur
1116 2093 1290 2170 proveniens
1317 2110 1362 2150 ex

265 2192 448 2267 sponsalibus
459 2193 570 2260 validis,
585 2193 629 2250 vel
642 2211 680 2249 ex
693 2192 876 2251 matrimonio
888 2203 959 2261 rato,
971 2211 1028 2251 non
1043 2199 1250 2250 consummato.
1273 2190 1364 2256 Quod

263 2305 300 2348 ex
320 2290 501 2366 sponsalibus
515 2291 612 2358 oritur,
625 2290 702 2349 haud
716 2293 841 2366 primum
855 2291 967 2350 excedit
986 2290 1103 2368 gradum
1125 2291 1360 2367 consanguinita-

265 2381 330 2446 tis.a
372 2390 421 2448 Sic
443 2409 501 2450 non
521 2399 617 2468 potest
642 2391 685 2448 vir
705 2389 808 2449 ducere
828 2407 956 2450 sororem
970 2407 1095 2467 sponsa,
1108 2390 1154 2447 vel
1167 2399 1298 2457 matrem,
1313 2389 1362 2446 vel

265 2487 372 2546 filiam:
394 2507 447 2548 nec
462 2491 565 2549 mulier
578 2498 672 2567 potest
684 2490 790 2547 nubere
803 2489 890 2557 fratri,
904 2489 975 2556 lilio,
989 2488 1035 2546 vel
1048 2490 1121 2566 patri
1134 2490 1243 2564 sponsi.
1286 2487 1357 2546 Hoc

266 2595 371 2662 perstat
397 2588 643 2664 impedimentum,
671 2589 784 2646 etiamsi
809 2598 907 2647 mutuo
933 2605 1076 2646 consensu
1097 2587 1240 2664 sponsalia
1264 2587 1361 2646 soluta

265 2685 323 2742 sint
333 2675 356 2750 3³
375 2686 416 2742 uti
435 2684 587 2745 declaravit
606 2687 638 2744 S.
660 2685 697 2743 C.
713 2686 889 2763 approbante
909 2686 1074 2748 Alexandro
1096 2685 1166 2745 Vll.
1184 2685 1230 2744 die
1257 2691 1276 2744 6
1295 2685 1357 2744 Jul.

267 2784 485 2848 leaenarum
505 2803 615 2844 morum
637 2785 816 2842 honestatem
839 2785 991 2860 publicam,
1004 2797 1032 2844 et
1051 2784 1150 2853 decus,
1165 2787 1199 2842 ab
1219 2785 1355 2845 Ecclesia

264 2885 398 2935 statutum
425 2887 478 2935 est.
520 2881 569 2937 Ex
595 2880 778 2938 matrimonio
797 2889 866 2948 rato,
885 2884 952 2939 lieet
970 2900 1028 2940 non
1048 2891 1254 2951 consummato,
1269 2886 1358 2940 oritur

263 2973 498 3051 impedimentum
513 2977 548 3036 ad
570 2988 699 3052 quartum
713 2997 803 3052 usque
820 2978 936 3056 gradum
950 2977 1123 3038 inclusive.⁴
1163 2978 1354 3058 Inpedimen-

264 3085 324 3134 tum
338 3091 375 3134 ex
390 3078 574 3153 sponsalibus
587 3095 765 3151 quacumque
786 3079 893 3138 ratione
912 3077 988 3137 haud
1002 3079 1101 3138 validis
1122 3077 1262 3138 sublatum
1283 3089 1357 3137 esta

265 3174 389 3236 concilio
411 3176 598 3238 Tridentino:
620 3177 726 3236 idcirco
740 3177 764 3234 si
784 3185 848 3253 post
861 3177 994 3253 copulam
1020 3196 1085 3235 cum
1105 3178 1237 3250 quadam,
1252 3179 1355 3251 aliquis

266 3275 354 3334 sorori
366 3275 494 3352 ejusdem
509 3275 647 3353 spondeat
660 3276 881 3344 matrimonium,
896 3295 984 3349 quum
998 3276 1163 3353 hujusmodi
1176 3278 1355 3354 sponsalium

266 3374 354 3432 valori
380 3377 472 3432 obstet
497 3375 730 3453 impedimentum
756 3376 1007 3453 consanguinitatis
1030 3377 1060 3434 in
1087 3377 1181 3452 primo
1206 3376 1295 3453 gradu
1316 3395 1354 3434 ex

266 3473 367 3549 copula
387 3474 493 3543 illicita,
508 3475 611 3551 poterit
630 3475 754 3551 priorem
779 3474 892 3543 ducere,
914 3484 972 3534 non'
995 3485 1089 3534 tamen
1115 3475 1278 3534 secundam.
1320 3475 1355 3532 Si

263 3574 464 3643 precesserint
483 3575 630 3648 sponsalia
651 3592 715 3632 oum
741 3591 838 3632 sorore
863 3575 936 3650 ejus,
961 3592 1045 3647 quam
1070 3583 1170 3651 postea
1194 3574 1353 3642 defloravit,

265 3674 393 3722 neutram
415 3671 518 3739 poterit
536 3671 650 3736 ducere,
665 3689 731 3728 nam
751 3672 863 3746 publiea
889 3672 1022 3732 honestas
1044 3681 1118 3730 vetat
1139 3691 1175 3732 oe
1197 3672 1354 3732 secundam

264 3758 364 3828 ducam
386 3766 617 3838 consanguinitas
631 3783 667 3822 ex
681 3769 785 3841 copula
798 3771 901 3835 obstat,
915 3789 951 3828 ne
965 3772 1048 3832 ducat
1060 3761 1193 3848 priorem.
1258 3831 1262 3836 ,

306 3865 374 3921 172.
396 3861 428 3920 Si
442 3859 565 3920 conditio
586 3865 717 3939 apposita
730 3863 812 3922 inerit
824 3870 1017 3942 sponsalibus,
1032 3888 1089 3930 non
1102 3871 1243 3930 inducitur
1260 3871 1352 3946 impe·

264 3958 421 4022 elimentum
435 3971 499 4020 ante
518 3961 665 4039 impletam
685 3962 887 4035 conditionem,
903 3979 1075 4048 quapropter
1088 3972 1137 4042 qui
1156 3972 1196 4029 ita
1208 3969 1354 4047 sponsalia

264 4065 414 4132 connexit,
431 4071 450 4100 ‘⁴
461 4063 486 4120 si
497 4063 680 4140 postmodum
694 4073 757 4123 aute
770 4064 943 4126 conditionis
957 4077 1090 4130 eventum
1099 4087 1165 4129 cum
1178 4069 1233 4128 alia
1246 4067 1350 4146 prioris

369 4223 411 4287 (1)
431 4221 492 4287 Gap.
501 4221 664 4286 inquisitioni,
674 4223 705 4275 de
713 4231 768 4276 serti
779 4241 870 4277 excom.

369 4308 410 4372 (2)
430 4307 507 4356 (lonc.
519 4306 588 4356 Trid.
599 4309 664 4358 Sese.
675 4310 742 4361 xxiv.
754 4327 806 4375 cap.
818 4311 852 4360 iii.

369 4391 411 4455 (³)
432 4389 494 4454 Gap.
506 4391 536 4442 Si
546 4392 612 4457 quis,
623 4393 700 4444 xxvii.
712 4409 753 4458 qu.
764 4395 789 4445 ii.
799 4401 824 4445 et
834 4411 887 4462 cap.
896 4412 920 4446 v.
930 4395 960 4449 de
970 4395 1110 4465 mourut
1121 4395 1216 4463 impet

369 4474 412 4539 (⁴)
431 4473 495 4524 Vide
506 4474 605 4527 Rullum
616 4477 668 4528 lxii.
677 4477 717 4528 Pii
728 4479 760 4528 V.
