3144 5192
266 547 325 604 222
613 539 672 604 DE
694 538 1004 601 ABSOLUTIONE.

265 729 303 769 ex
316 709 440 786 peccatis
454 707 587 770 admissis
600 709 725 768 oriantur
744 706 945 767 attendendum
959 715 1012 776 est,
1026 717 1057 767 ut
1076 725 1174 768 eorum
1196 708 1355 785 impletioni

266 807 464 886 provideatur:
486 810 606 869 sienim
627 808 756 886 neglecta
775 808 888 877 fuerint,
903 816 931 864 et
952 807 1075 866 tiliorum
1098 809 1279 867 conscientiae
1293 827 1355 885 per·

267 909 365 977 musa,
392 909 476 968 facile
502 909 640 968 oblivioni
667 907 820 966 tradentur.
875 905 1043 965 Curandum
1070 908 1156 966 etiam
1182 915 1213 965 ut
1232 907 1355 965 filiorum

265 1009 436 1067 institutioni
449 1008 607 1068 christianae
629 1007 802 1074 consulatur,
817 1024 996 1082 quamsaepe
1016 1008 1161 1085 contingat
1179 1007 1253 1065 filios
1267 1005 1353 1064 adde

266 1109 342 1166 avita
367 1107 536 1175 desciscere,
557 1107 781 1184 propinquorum
802 1105 1022 1165 acatholicorum
1050 1125 1145 1184 opere.
1188 1105 1351 1165 Amoveudi

266 1218 362 1266 sunta
381 1215 535 1283 conspectu
548 1215 576 1262 et
594 1204 681 1264 domo
693 1205 866 1274 moribundi,
881 1207 931 1279 qui
951 1205 979 1263 ei
1000 1204 1110 1264 lucrant
1128 1205 1200 1263 socii
1225 1213 1253 1262 et
1272 1223 1353 1264 occa·

267 1307 363 1364 siones
377 1305 505 1380 peccatis
526 1305 685 1381 presertim
698 1323 820 1377 quorum
841 1305 993 1381 praesentia
1005 1305 1051 1363 vel
1072 1304 1192 1381 publicae
1212 1304 1354 1362 honestati

264 1412 412 1480 repugnat,
421 1405 467 1463 vel
481 1403 639 1481 periculum
650 1405 786 1463 morituro
795 1403 894 1462 afferre
907 1405 1009 1481 possita
1025 1414 1053 1462 at
1065 1404 1090 1461 si
1103 1402 1132 1462 id
1146 1403 1208 1461 fieri
1221 1414 1353 1476 nequeat,

264 1503 412 1578 poenitenti
425 1513 519 1562 amen
540 1504 569 1561 in
593 1502 756 1562 discrimine
776 1503 869 1580 posito
894 1501 1114 1560 succurrendum
1135 1511 1189 1558 est.
1229 1503 1352 1579 Propin-

261 1619 393 1674 quorum,
422 1619 495 1675 quos
520 1602 617 1661 forsan
642 1603 770 1660 simultas
804 1602 898 1674 aliqua
930 1600 1030 1678 procul
1055 1601 1185 1670 tenuerit,
1219 1620 1350 1660 accessus

264 1699 444 1773 quaerendus,
458 1710 489 1759 ut
502 1719 559 1777 pax
572 1701 692 1768 ineatur,
707 1700 884 1758 etcharitatis
899 1699 1000 1758 foedus.
1020 1739 1027 1748 -

302 1803 373 1858 212.
396 1799 574 1867 Moribundi,
590 1801 649 1872 qui,
664 1801 794 1858 sensibus
815 1798 950 1866 destituti,
964 1798 1074 1858 nullum
1095 1799 1191 1865 valent
1204 1799 1287 1858 edere
1300 1800 1352 1859 do·

262 1900 332 1958 loris
353 1899 501 1967 indicium,
522 1897 686 1957 absolvendi
707 1908 781 1968 sunt,
803 1899 827 1956 si
848 1896 1002 1957 confitendi
1023 1897 1194 1956 desiderium
1215 1910 1242 1957 et
1261 1901 1351 1959 animi

263 1999 390 2058 dolorem
411 1998 585 2058 ostenderint
600 1999 682 2074 juxta
696 1998 809 2056 Rituale
823 1997 998 2067 Romanum,
1013 1995 1091 2070 quod
1104 1997 1218 2056 concilii
1232 1997 1352 2057 Cartha·

262 2098 389 2173 ginensis
416 2099 469 2157 lV.
491 2108 520 2155 et
544 2097 710 2155 Arausicani
734 2088 774 2156 l.1
794 2097 908 2155 fulcitur
933 2097 1107 2155 auctoritate.
1147 2097 1197 2155 Sic
1217 2108 1245 2155 et
1262 2098 1352 2175 jussit

262 2196 294 2252 S.
322 2196 383 2254 Leo
404 2197 469 2254 M.:
493 2197 557 2254 “Si
578 2196 665 2268 aliqui
685 2195 850 2273 egritudine
870 2196 909 2253 ita
927 2195 1031 2254 fuerint
1050 2197 1202 2272 aggravati,
1224 2205 1254 2255 ut
1273 2197 1350 2269 qnod

261 2295 347 2372 paulo
356 2304 420 2354 ante
431 2297 596 2373 poscebant,
607 2297 659 2354 sub
669 2296 818 2372 praesentia
828 2294 983 2354 sacerdotis
993 2294 1153 2372 significare
1164 2314 1220 2352 non
1228 2297 1348 2364 valeant,

263 2396 425 2454 testimonia
450 2397 491 2454 eis
518 2395 646 2455 fidelium
672 2406 700 2453 et
722 2396 965 2455 circumstantium
991 2393 1128 2471 prodesse
1148 2395 1298 2462 debebunt,
1320 2405 1352 2452 ut

260 2496 346 2554 simul
361 2506 389 2554 et
402 2497 593 2572 paenitentiam
607 2507 635 2552 et
648 2495 885 2554 reconciliationis
898 2493 1069 2552 beneficium
1090 2488 1349 2566 consequantur.'’²

261 2594 436 2670 Simpliciter
449 2593 571 2652 dandam
584 2613 648 2652 esse
662 2611 697 2651 eo
718 2613 785 2652 casu
807 2593 1025 2664 absolutionem,
1041 2592 1118 2650 nulla
1137 2593 1267 2671 apposita
1279 2611 1346 2652 con·

260 2692 378 2756 ditione,
393 2692 521 2766 plerique
535 2700 642 2766 putant,
657 2693 724 2762 quia
737 2703 781 2748 est
792 2693 946 2767 probabilis
961 2693 1087 2759 materia,
1097 2701 1125 2749 et
1138 2693 1172 2751 de
1186 2692 1348 2751 conditione

260 2789 325 2845 silet
346 2789 478 2846 Rituale:
513 2788 635 2860 quodsi
663 2789 700 2846 sit
727 2791 821 2866 gravis
851 2791 923 2848 ratio
947 2789 1103 2860 dubitandi,
1121 2801 1215 2851 utrum
1242 2790 1348 2850 doloris

260 2887 365 2946 indicia
390 2885 495 2944 fuerint
519 2886 699 2957 sufficientia,
720 2889 805 2948 tutius
825 2890 879 2948 erit
898 2888 1090 2949 conditionem
1111 2909 1272 2968 apponere:
1295 2891 1348 2948 ‘Si

258 2986 414 3064 dispositus
428 2986 481 3045 es!
524 2987 557 3047 Si
567 3006 624 3046 non
636 2995 745 3046 constet
754 2999 804 3047 eos
813 2987 985 3048 desiderium
996 2989 1163 3066 hujusmodi
1172 2991 1344 3058 ostendisse,

258 3086 387 3164 plerique
407 3086 566 3147 concedunt
579 3107 629 3147 eos
643 3087 752 3147 absolvi
772 3107 858 3166 posse
873 3090 922 3162 qui
942 3088 1096 3150 christiano
1110 3109 1189 3149 more
1203 3091 1344 3158 vixerunt,

258 3188 389 3247 voluntas
403 3189 478 3246 enim
493 3197 700 3246 sacramentum
714 3188 771 3246 hoc
784 3188 943 3265 accipiendi
957 3206 993 3246 ex
1008 3189 1073 3247 vitae
1086 3190 1226 3248 constanti
1239 3191 1345 3248 ratione

257 3287 409 3365 colligitur.
452 3286 485 3345 Si
508 3287 687 3365 neglexerint
706 3285 755 3345 diu
775 3298 959 3356 sacramenta,
983 3288 1059 3347 vitiis
1081 3289 1174 3366 palam
1194 3289 1344 3362 inquinati,

257 3396 368 3446 servato
382 3395 476 3445 tamen
490 3402 557 3464 erga
570 3388 738 3465 religionem
759 3389 872 3456 affectu,
887 3397 931 3445 eat
950 3388 1065 3462 quidem
1080 3390 1152 3447 ratio
1172 3387 1345 3466 conjiciendi

256 3504 307 3544 cos
329 3487 402 3545 velle
425 3487 477 3543 sub
498 3495 616 3545 mortem
644 3487 785 3546 Ecclesiae
812 3487 947 3546 subsidiis
973 3489 1089 3557 muniri,
1110 3490 1240 3561 quamvis
1264 3486 1345 3546 valde

255 3583 374 3642 dubium
389 3585 426 3640 sit
438 3593 531 3641 utrum
542 3587 654 3660 possint
667 3585 788 3657 aliquem
802 3586 869 3644 inde
883 3585 1010 3646 derivare
1024 3589 1157 3646 fructum.
1200 3587 1344 3646 Oaeterum

254 3681 289 3739 de
303 3682 338 3738 iis
349 3682 423 3738 valet
432 3682 586 3756 Augustini
599 3683 721 3741 dictum:
745 3693 763 3720 “
773 3684 839 3762 Ego
850 3704 907 3744 non
921 3687 1013 3746 solum
1028 3688 1100 3746 alios
1113 3687 1342 3754 catechumenos,

254 3779 450 3840 verumetiam
469 3779 557 3855 ipsos,
573 3783 622 3855 qni
635 3782 790 3843 viventium
811 3785 951 3862 conjugiis
965 3787 1090 3864 copulati
1110 3788 1232 3846 retinent
1245 3787 1340 3846 adule-

254 3882 317 3940 rina
329 3879 482 3948 consortia,
496 3897 561 3938 cnm
576 3881 669 3940 salvos
690 3884 851 3959 corporeis
865 3883 911 3942 his
925 3896 1124 3962 permanentes
1142 3905 1200 3946 non
1217 3886 1343 3948 admitta-

253 3999 317 4040 mus
343 3979 378 4040 ad
403 3979 595 4059 baptismum3
616 3990 710 4040 tamen
736 3982 760 4040 si
787 3983 939 4061 desperati,
966 3995 995 4044 et
1020 3987 1092 4046 intra
1117 4004 1149 4043 se
1173 3987 1340 4064 prenitentes

247 4080 397 4157 jacuerint,
411 4100 464 4139 nec
474 4098 526 4157 pro
537 4099 568 4138 se
579 4080 751 4158 respondere
762 4085 914 4166 potuerint,
926 4085 1112 4162 baptizandos
1126 4096 1207 4162 puto,
1217 4086 1340 4144 utetiam

252 4179 307 4238 hoc
329 4189 476 4257 peccatum
500 4199 566 4239 curu
586 4183 695 4240 caeteris
716 4181 829 4243 lavacro
849 4173 1070 4262 regenerationis
1088 4185 1225 4243 abluatur.
1267 4183 1339 4251 Quis

251 4279 328 4336 enirn
345 4275 444 4348 'novit
470 4290 563 4340 utrum
586 4280 714 4340 fortassis
738 4281 899 4343 adulterine
926 4285 1019 4342 carnis
1040 4283 1175 4344 illecebra
1194 4301 1285 4357 usque
1305 4281 1341 4341 ad

244 4558 246 4562 .
284 4486 327 4552 (¹)
347 4483 410 4535 ⁰²¹¹·
422 4487 497 4537 lmi-
686 4493 729 4559 (2)
749 4491 811 4541 Can.
823 4493 865 4542 xii.
1052 4496 1095 4562 (3)
1115 4493 1194 4559 Epist.
1207 4492 1303 4544 lxxxix.
