3172 5172
502 559 559 620 DE
582 557 747 619 SlGILLO
769 557 1089 618 CONFESSIONIS.
1285 565 1339 620 1⁷1

252 725 357 785 idcirco
367 745 434 786 cum
445 727 511 786 loco
524 745 650 794 movere,
664 727 710 784 vel
724 727 850 784 severius
865 734 990 784 tractare.
1013 724 1159 798 Equidem
1173 727 1229 785 sibi
1242 726 1343 803 objicit

253 826 287 884 S.
311 826 459 885 Thomas:
483 835 578 884 “cnm
599 827 702 898 aliquis
719 825 814 883 Abbas
837 826 891 882 scit
911 844 962 901 per
982 824 1205 893 consessionem,
1220 825 1341 902 alicujus

254 924 363 988 Prioris
376 926 494 1003 subjecti
508 926 562 983 sibi
575 933 732 1001 peccatum,
746 943 784 982 ex
798 925 881 1000 cnjus
895 925 1046 984 occasione
1066 924 1175 983 inducit
1192 926 1288 1002 ipsum
1309 923 1345 982 ad

251 1025 373 1093 ruinam,
388 1025 412 1080 si
431 1027 458 1082 ei
479 1025 632 1100 prioratum
652 1023 790 1081 dimittat:
805 1022 879 1082 unde
893 1033 1004 1082 tenetur
1017 1026 1044 1082 ei
1065 1024 1174 1083 auferre
1192 1023 1341 1101 pastoralis

252 1141 325 1181 curae
339 1122 505 1199 dignitatem
517 1143 525 1180 ε
541 1122 695 1181 auferendo
709 1132 803 1182 autem
813 1120 924 1180 videtur
936 1124 1147 1183 confessionem
1159 1124 1301 1200 publicare
1310 1121 1340 1180 :’'

253 1223 298 1279 cui
312 1222 468 1299 objectioni
481 1221 652 1298 respondet:
674 1223 801 1279 “Abbas
823 1223 853 1279 in
873 1241 941 1280 casu
954 1224 1091 1299 predicto
1105 1222 1189 1281 debet
1210 1241 1276 1280 eum
1297 1221 1344 1284 od·

253 1339 368 1378 monere
378 1333 409 1379 ut
423 1323 578 1399 prioratum
591 1322 735 1397 resignet:
757 1320 803 1378 vel
816 1321 842 1376 si
855 1321 987 1390 noluerit,
1006 1331 1100 1399 potest
1122 1341 1159 1379 ex
1179 1321 1274 1394 aliqua
1286 1320 1341 1380 alia

251 1421 402 1478 occasione
424 1421 571 1479 absolvere
592 1439 659 1478 eum
681 1439 697 1477 a
717 1438 785 1476 cura
804 1421 955 1494 prioratus,
968 1421 1008 1477 ita
1032 1431 1126 1479 tamen
1152 1419 1228 1493 quod
1248 1421 1342 1478 omnis
1405 1473 1413 1485 ,

251 1519 379 1595 suspicio
400 1521 503 1578 vitetur
522 1519 557 1576 de
577 1519 770 1577 consessionis
790 1513 1011 1576 revelationem
1049 1519 1108 1577 Sed
1121 1538 1158 1576 ex
1173 1519 1340 1597 pontificum

253 1615 385 1684 decretis,
400 1618 538 1691 quidquid
553 1637 708 1694 gravamen
721 1617 803 1674 affert
814 1618 972 1692 poenitenti,
983 1618 1050 1677 licet
1063 1619 1135 1676 absit
1153 1620 1247 1678 omnis
1262 1637 1340 1676 reve-

250 1716 364 1774 lationis
387 1718 523 1794 suspicio,
547 1717 678 1776 illicitum
702 1717 829 1774 habetur.
873 1715 951 1774 Hinc
977 1718 1002 1776 si
1025 1716 1158 1776 sacerdos
1179 1719 1209 1777 in
1231 1719 1342 1794 episco·

253 1834 323 1891 pum
337 1825 511 1891 proponatur
523 1817 682 1894 eligendus,
697 1834 783 1888 quern
797 1833 834 1872 ex
848 1817 1028 1874 confessione
1041 1820 1106 1889 quis
1126 1819 1207 1876 novit
1226 1819 1344 1875 omnino

252 1933 316 1972 esse
337 1915 499 1994 indignum,
515 1916 616 1989 nequit
629 1915 697 1989 quid
721 1915 811 1972 facere
832 1933 889 1988 quo
911 1917 1012 1974 electio
1033 1916 1081 1974 illa
1102 1915 1283 1992 impediatur,
1298 1916 1344 1972 vel

192 2015 197 2034 ¹
254 2013 394 2091 denegare
404 2017 431 2072 ei
444 2015 625 2093 suffragium,
640 2005 743 2087 quovis
758 2016 877 2086 quaesito
891 2017 996 2073 colore.
1379 1999 1384 2012 Γ

292 2117 340 2171 86.
362 2115 467 2174 Procul
487 2116 566 2200 omni
589 2114 717 2191 periculo
738 2115 832 2170 arcani
846 2114 996 2191 prodendi,
1027 2125 1056 2172 et
1076 2116 1156 2173 omni
1179 2114 1343 2192 paenitentis

252 2214 427 2290 gravamine,
440 2214 508 2272 licet
526 2214 568 2272 nti
582 2215 682 2272 notitia
702 2231 739 2269 ex
762 2214 943 2272 confessione
964 2214 1099 2281 derivata,
1126 2225 1267 2287 quatenns
1281 2215 1343 2272 sine

253 2313 321 2370 odio
335 2314 503 2371 sacramenti
516 2313 579 2370 fieri
592 2313 692 2389 possit.
720 2311 769 2370 Sic
783 2312 974 2370 confessarius
988 2332 1025 2370 ex
1038 2313 1219 2372 confessione
1232 2313 1344 2371 discens

253 2430 339 2485 quam
362 2411 445 2470 facile
467 2410 636 2471 offensionis
656 2420 684 2468 et
702 2412 790 2468 ruinae
810 2411 890 2470 detur
910 2413 1024 2470 occasio
1044 2431 1081 2469 ex
1103 2412 1228 2470 liberiori
1242 2411 1345 2487 agendi

252 2511 371 2578 ratione,
386 2510 485 2569 merito
499 2511 555 2569 sibi
568 2518 658 2576 cavet,
672 2528 709 2567 ne
723 2509 830 2583 aliquid
844 2509 1004 2570 inconsulti
1021 2512 1153 2586 proferat.
1195 2511 1228 2567 Si
1242 2527 1344 2586 pravas

253 2609 433 2686 suscipiones
459 2611 539 2670 nasci
566 2628 603 2667 ex
629 2609 853 2680 frequentatione
886 2608 1034 2688 cujusdam
1068 2609 1170 2668 domus
1196 2610 1343 2685 repererit,

253 2709 365 2786 poterit,
379 2721 541 2787 opportuna
555 2719 638 2767 enata
654 2708 816 2777 occasione,
831 2711 971 2769 abstinere
985 2728 1016 2768 sc
1030 2711 1064 2768 ab
1077 2729 1111 2768 ea
1125 2707 1270 2767 adeunda:
1293 2707 1345 2766 sed

254 2811 279 2867 ai
292 2809 395 2867 mulier
408 2810 575 2868 confiteatur
597 2809 651 2867 sibi
672 2826 710 2864 ex
731 2809 793 2884 ejus
815 2810 965 2883 colloquiis
978 2811 1045 2868 oriri
1059 2809 1178 2886 peccati,
1200 2808 1246 2866 vel
1259 2817 1346 2866 tenta·

257 2908 342 2966 tionis
356 2909 546 2976 occasionem,
557 2909 606 2965 vix
621 2907 851 2982 polentamque
865 2910 927 2985 ejus
940 2908 1065 2977 licentia,
1080 2927 1143 2966 eam
1157 2909 1186 2966 in
1200 2918 1346 2985 posterum

255 3007 351 3065 minus
365 3007 540 3065 familiariter
552 3006 668 3065 habere.
709 3005 744 3062 In
757 3007 941 3065 concionibus
953 3008 1055 3082 poterit
1067 3008 1097 3064 in
1110 3007 1186 3080 vitia,
1201 3009 1286 3064 etiarn
1300 3012 1346 3064 oc·

257 3107 386 3174 cultiora,
401 3125 439 3164 ex
453 3107 635 3165 confessione
658 3105 780 3180 cognita,
804 3105 912 3173 invehi,
934 3116 962 3161 et
980 3124 1015 3162 ea
1027 3123 1090 3178 quae
1104 3122 1142 3161 ex
1160 3104 1346 3179 plurimomm

255 3206 482 3264 accusationibus
510 3207 702 3270 innotuerunt,
737 3221 849 3278 expone
881 3203 1060 3280 refugienda,
1090 3202 1248 3262 dummodo
1274 3202 1347 3260 nihil

255 3302 330 3362 dicat
342 3304 420 3377 quod
433 3306 519 3363 alicui
533 3303 612 3381 affigi
632 3302 732 3380 possit,
759 3321 812 3359 nec
832 3303 1017 3377 frequentiam
1044 3303 1121 3361 illam
1142 3302 1260 3378 pcccati,
1284 3319 1347 3374 quae

255 3405 409 3480 plerosque
435 3403 513 3471 latet,
540 3405 648 3462 indicet
679 3419 744 3459 curn
772 3403 984 3461 communitatis
1011 3403 1123 3479 injuria.
1179 3401 1347 3473 Numquam
1391 3425 1394 3429 ⁴

255 3513 349 3561 tamen
364 3502 517 3562 dicendum
538 3512 582 3561 est
602 3500 710 3574 aliquid
730 3501 786 3558 sibi
806 3520 844 3560 ex
860 3500 1043 3560 consessione
1057 3509 1196 3559 constare.
1239 3500 1272 3556 si
1285 3518 1348 3575 par·

255 3621 319 3660 vam
333 3605 566 3670 communitatem
582 3602 749 3674 alloquatur,
766 3620 801 3658 v:
824 3620 859 3678 g:
875 3601 1022 3660 seminarii
1035 3602 1176 3670 alumnos,
1197 3599 1243 3657 vel
1257 3599 1348 3670 moni·

255 3702 323 3770 ales,
351 3702 386 3759 de
412 3701 570 3762 defectibus
605 3702 654 3773 qni
687 3699 855 3774 plerumque
875 3710 1027 3760 occurrunt
1051 3703 1082 3760 in
1108 3701 1281 3767 seminariis,
1301 3699 1347 3756 vel
1412 3686 1415 3692 ⁵

257 3803 439 3860 monasteriis
453 3802 558 3878 poterit
570 3799 744 3864 concionari,
759 3818 843 3875 parce
857 3809 950 3860 tamen
970 3811 999 3858 et
1021 3810 1113 3869 caute,
1131 3819 1167 3858 ne
1182 3800 1251 3873 quid
1263 3799 1348 3857 alicui

256 3899 429 3974 exprobrare
448 3895 603 3958 videatur.²
643 3899 676 3956 Si
696 3897 814 3958 insidias
840 3901 895 3958 sibi
920 3901 991 3958 strui
1018 3919 1054 3959 ex
1080 3900 1261 3958 confessione
1282 3897 1346 3968 quis
1375 3942 1377 3946 .

257 3995 395 4061 didicerit,
408 4000 513 4074 poterit
531 3997 587 4056 sibi
612 3997 771 4066 consulere,
792 4009 952 4075 opportuna
971 3998 1034 4056 data
1060 3999 1221 4063 occasione,
1237 3993 1349 4052 nonita

257 4104 352 4153 tamen
372 4104 403 4154 ut
424 4098 617 4173 suspicionem
637 4097 732 4155 arcani
751 4097 806 4155 sibi
831 4097 934 4173 proditi
955 4097 1040 4155 alicui
1066 4097 1184 4174 injiciat.
1227 4091 1346 4159 Quoties

256 4193 359 4267 aliquis
373 4213 411 4254 ex
424 4196 511 4254 sociis
524 4196 681 4254 accessisse
694 4196 822 4255 noscitur
842 4195 878 4254 ad
897 4195 1084 4261 sacerdotem,
1106 4210 1212 4250 novum
1232 4189 1348 4249 consili·

255 4311 304 4352 um
317 4294 352 4352 ab
366 4311 401 4354 eo
415 4295 574 4374 profectum
588 4303 728 4364 censetur,
750 4295 800 4368 qui
823 4295 931 4354 idcirco
944 4295 1089 4352 sociorum
1102 4290 1234 4351 vindictae
1247 4289 1346 4367 objici·

496 4454 540 4518 (l)
559 4452 587 4503 S.
597 4451 687 4502 Thcm.
699 4451 786 4514 Suppl.
797 4450 831 4498 iii.
841 4465 866 4514 p.
874 4465 916 4513 qu.
924 4450 957 4499 xi.
969 4455 1012 4498 art.
1024 4449 1040 4499 i
1051 4448 1082 4499 ad
1093 4451 1117 4500 3.

500 4539 544 4608 (2)
564 4535 629 4586 Vide
640 4535 667 4586 S.
679 4535 755 4602 Alph.
767 4535 784 4586 l.
795 4535 828 4586 vi.
839 4551 864 4585 n.
878 4536 936 4584 6⁵4.
