3172 5172
453 547 510 610 DE
532 548 644 610 Loco
664 548 711 610 IN
732 547 818 617 QUO
840 547 1138 612 CELEBRETUR.
1280 557 1336 614 107

247 717 318 786 imo,
328 717 413 795 juxta
424 717 575 794 plurimos,
590 717 704 776 infantis
724 717 774 790 qui
791 717 898 791 absque
911 718 1054 794 baptismo
1077 716 1215 778 decessit:
1238 720 1337 795 aliqui·

246 816 301 874 bus
322 817 501 896 negantibus,
523 817 682 890 “quamvis
708 835 809 876 omnes
829 816 969 876 fateantur
991 835 1056 875 esse
1078 817 1196 876 mortale
1217 819 1281 878 illos
1295 821 1336 879 ibi

248 915 381 994 sepelire,
396 926 426 974 et
436 916 504 975 inde
517 915 655 976 cadavera
667 915 724 985 illa,
738 917 763 974 si
775 917 897 993 possint,
909 916 1083 975 extrahenda
1096 917 1211 976 essc.'’¹
1250 919 1336 996 Apud

248 1033 302 1074 nos
316 1035 402 1075 nemo
419 1017 448 1076 in
472 1016 602 1075 ecclesiis
625 1015 769 1094 sepelitur,
794 1024 895 1093 prater
914 1015 1086 1084 sacerdotes,
1112 1018 1162 1090 qui
1184 1016 1336 1091 aliquando

249 1117 424 1192 sepeliuntur
437 1121 527 1193 prope
547 1116 649 1173 altare:
671 1114 722 1173 sed
742 1116 795 1173 sub
816 1115 895 1173 altari
915 1133 1000 1174 nemo
1013 1117 1132 1175 omnino
1152 1117 1335 1194 sepeliendus

250 1224 302 1284 est,
317 1235 406 1290 quum
420 1215 549 1289 reliquiis
573 1223 736 1276 sanctorum
749 1214 797 1274 ille
810 1223 938 1273 servetur
950 1213 1053 1274 honor.
1097 1223 1116 1301 ‘¹‘
1127 1215 1160 1273 Si
1173 1217 1226 1275 sub
1246 1217 1335 1286 altari,

250 1315 294 1373 vel
307 1316 361 1374 snb
374 1315 437 1393 ejus
460 1313 594 1400 gradibus
608 1313 724 1374 humata
745 1315 802 1373 sint
822 1312 1019 1373 defunctorum
1042 1314 1188 1384 cadavera,
1213 1334 1270 1375 non
1293 1326 1338 1376 est

249 1412 307 1472 illic
320 1414 488 1474 celebranda
509 1415 614 1483 Missa,
629 1406 1055 1473 11333331131333313333133.”2
1096 1421 1115 1450 “
1128 1415 1218 1474 Νο131
1240 1425 1337 1476 tamen

249 1509 350 1572 Croix.
364 1515 384 1572 1.
398 1515 452 1573 VI.
467 1534 496 1592 p.
511 1519 541 1573 2.
556 1534 586 1574 n.
600 1518 692 1574 2067.
712 1512 789 1587 quod
803 1513 828 1571 si
842 1511 980 1571 cadavera
999 1513 1056 1572 sint
1068 1514 1185 1573 humata
1197 1515 1336 1593 profunde

251 1612 281 1670 in
295 1613 365 1672 cella
385 1614 489 1689 aliqua,
512 1615 565 1674 sub
586 1614 643 1673 alto
662 1613 770 1673 fornice
793 1621 963 1680 constructa,
986 1631 1043 1672 non
1065 1613 1175 1673 videtur
1194 1616 1338 1692 prohiberi

252 1729 339 1789 super
350 1713 427 1772 illam
442 1714 498 1773 dici
508 1714 642 1782 Missam,
658 1724 725 1773 tunc
738 1712 813 1770 enim
828 1712 965 1770 cadavera
981 1713 1113 1772 videntur
1126 1715 1194 1772 satis
1208 1724 1337 1793 separata

252 1811 286 1868 ab
300 1806 428 1872 altari.’'³
460 1815 493 1872 Si
506 1815 667 1873 cemeteria
680 1815 765 1872 etiam
780 1813 909 1870 ecclesiis
924 1811 1079 1890 adjacentia
1091 1814 1263 1890 polluantur,
1278 1832 1337 1874 non

250 1911 315 1970 ideo
327 1913 436 1991 polluta
448 1914 568 1974 habetur
589 1913 719 1972 ecclesia.
762 1912 794 1970 si
809 1912 931 1971 ecclesia
944 1930 960 1970 e
975 1913 1264 1986 33313313313311333
1278 1913 1339 1990 pol·

251 2010 427 2082 1313133311,
461 2015 654 2073 coemeterium
687 2012 827 2090 pollutum
843 2020 985 2080 censetur,
1020 2012 1086 2086 quia
1119 2013 1338 2072 “accessorium

251 2119 376 2173 naturam
391 2115 474 2186 sequi
487 2114 616 2190 congruit
628 2104 844 2190 31133133113.”4

289 2215 339 2270 90.
361 2212 534 2271 Coemeteria
546 2211 713 2288 polluuntur
734 2210 842 2270 eisdem
863 2211 1020 2270 rationibus
1043 2212 1146 2284 quibus
1166 2212 1295 2280 ecclesia,
1310 2221 1339 2270 et

250 2311 369 2369 mortale
382 2311 500 2370 habetur
509 2321 656 2387 peccatum
670 2312 700 2370 in
713 2312 748 2369 iis
758 2312 820 2389 jam
832 2310 948 2388 pollutis
962 2310 1082 2386 sepelire
1093 2321 1220 2370 mortuos
1230 2313 1337 2385 absque

252 2411 359 2485 praevio
372 2410 610 2469 reconciliationis
630 2411 694 2468 ritu.
735 2411 769 2468 Si
781 2411 902 2469 infantes
915 2407 991 2467 haud
1005 2408 1139 2485 baptizati
1152 2411 1336 2486 sepeliantur,

251 2509 405 2584 optandum
433 2529 481 2568 eos
504 2508 570 2568 inde
591 2509 716 2584 extrahi,
742 2519 773 2568 ut
798 2510 864 2568 alibi
891 2509 1075 2585 sepeliantur,
1102 2508 1153 2566 sed
1179 2527 1266 2582 quum
1293 2528 1338 2568 333

251 2611 349 2685 paucis
364 2610 532 2688 plerumque
546 2609 714 2678 innotescat,
735 2611 786 2669 vix
808 2609 1002 2668 coemeterium
1023 2608 1198 2667 censendum
1212 2609 1266 2666 erit
1278 2609 1340 2686 pol·

251 2708 358 2778 lutum3
379 2729 445 2769 nam
460 2701 546 2768 causa
568 2711 678 2768 notoria
698 2727 761 2784 quae
782 2709 860 2767 nulla
879 2708 1111 2786 tergiversatione
1125 2708 1209 2768 celari
1223 2711 1337 2787 poterit,

250 2810 398 2882 requiritur
417 2817 448 2868 ut
459 2808 520 2867 haec
534 2808 683 2868 inducatur
694 2809 783 2867 labes.
1325 2886 1327 2892 Ι

290 2911 340 2966 91.
360 2909 494 2967 Ecclesia
513 2909 622 2987 polluta
642 2926 700 2968 non
713 2908 843 2976 habetur,
865 2909 890 2966 si
910 2909 1026 2984 sanguis
1048 2917 1183 2967 semenv'e
1205 2909 1339 2969 fundatur

250 3025 336 3084 supra
349 3009 412 3087 ejus
432 3009 571 3068 fornicem
592 3009 638 3066 vel
658 3016 773 3076 tectum,
794 3007 840 3066 vel
854 3008 883 3065 in
896 3007 1015 3065 cameris
1030 3007 1142 3076 vicinis,
1157 3009 1203 3065 vel
1216 3011 1246 3067 in
1257 3011 1336 3077 turri,

250 3106 295 3165 vel
307 3108 337 3167 in
350 3109 533 3167 subterraneo
555 3125 653 3185 specu,
673 3106 750 3181 quod
773 3107 967 3165 coemeterium
981 3123 1039 3163 non
1053 3106 1099 3174 sit,
1113 3104 1159 3163 vel
1180 3107 1338 3168 secundum

251 3206 355 3266 multos
368 3209 399 3266 in
412 3209 547 3266 sacristia.
590 3206 671 3266 Idem
692 3206 847 3266 dicendum
870 3205 981 3265 videtur
993 3205 1019 3262 si
1033 3190 1178 3282 contingat
1190 3207 1220 3264 in
1234 3207 1339 3266 sacello

250 3304 387 3376 inferiori,
410 3307 486 3380 quod
509 3305 584 3384 apud
604 3326 657 3366 nos
671 3307 775 3366 alicubi
788 3306 925 3365 habetur:
947 3313 1070 3363 attamen
1083 3305 1152 3364 dicit
1166 3307 1289 3366 Anteius
1303 3306 1338 3365 de

250 3405 376 3482 capellis,
400 3406 515 3480 siquid
540 3407 626 3465 iniis
650 3408 803 3484 contingat,
825 3405 963 3483 pollutam
984 3405 1146 3464 habendam
1168 3407 1335 3464 ecclesiam:

250 3512 269 3540 ‘⁶
279 3507 346 3578 quia
358 3516 425 3566 sunt
437 3515 531 3583 partes
545 3505 684 3574 ecclesiae,
699 3515 727 3565 et
740 3505 775 3565 ad
788 3506 959 3565 sacrificium
973 3499 1120 3563 destinatae
1134 3501 1251 3564 snnt.”⁵
1271 3504 1338 3563 Hoc

249 3601 284 3661 de
296 3607 409 3664 sacellis
422 3607 495 3664 intra
507 3604 636 3664 ecelesiae
650 3606 786 3665 ambitum
800 3604 911 3664 videtur
923 3604 1153 3682 intelligendum.
1239 3642 1242 3646 ·

290 3708 338 3764 92.
361 3705 496 3764 Ecclesia
510 3715 685 3775 consecrata,
706 3705 731 3762 si
745 3705 855 3782 polluta
868 3704 1004 3783 deinceps
1018 3705 1113 3775 fuerit,
1127 3705 1338 3768 reconcilianda

253 3812 297 3860 est
309 3804 343 3861 ab
356 3805 504 3883 episcopo,
519 3806 574 3864 ritu
588 3805 618 3863 in
631 3804 788 3884 pontificali
799 3799 1002 3883 333333131331
1021 3805 1047 3863 si
1068 3805 1217 3865 benedicta
1230 3815 1337 3864 tantum

251 3901 344 3970 suerit,
358 3912 443 3980 prout
463 3905 539 3982 apud
557 3921 610 3963 nos
624 3905 683 3976 sere
697 3923 811 3981 semper
831 3904 872 3972 lit,
894 3904 1037 3963 sacerdoti
1057 3913 1151 3981 potest
1172 3903 1338 3963 reconcilia-

252 3999 337 4059 tionis
351 4020 455 4062 munus
468 4005 616 4063 committi.

289 4103 338 4159 93.
359 4101 495 4162 Ecclesia
504 4113 652 4163 exsecrata
665 4104 794 4172 habetur,
808 4103 832 4189 31
843 4103 965 4180 33313133
974 4101 1077 4178 majori
1090 4106 1219 4176 exparte
1233 4097 1340 4158 destru-

285 4347 327 4412 (1)
346 4346 456 4398 Antoine
467 4346 497 4396 de
508 4345 590 4398 Euch.
600 4363 621 4397 3.
633 4347 667 4398 itt.
680 4361 722 4410 qu.
730 4345 771 4395 vii.
783 4361 808 4395 n.
821 4347 845 4395 5.
916 4345 959 4410 (2)
978 4342 1050 4393 11333.
1062 4341 1089 4390 S.
1099 4341 1130 4390 Ο.
1145 4344 1175 4392 10
1187 4341 1253 4394 Nov.
1267 4344 1340 4392 1599.

285 4433 328 4499 (3)
348 4431 374 4480 S.
386 4432 462 4497 Alph.
473 4433 489 4480 1.
498 4431 530 4481 vi.
542 4449 567 4482 n.
576 4434 635 4482 ³69.
914 4430 957 4496 (4)
977 4428 1036 4490 Reg.
1049 4427 1101 4478 xlii.
1110 4428 1172 4494 juris
1182 4428 1209 4478 in
1221 4431 1244 4478 6.

286 4519 328 4585 (5)
347 4517 472 4568 Tract-de
480 4517 560 4568 Eucb
568 4534 590 4569 3.
601 4517 634 4570 iii.
644 4532 685 4582 qu.
694 4515 735 4566 vii.
746 4531 771 4566 n.
783 4517 809 4566 b.
912 4515 955 4582 (6)
975 4511 1037 4579 Cep.
1048 4513 1082 4566 ix.
1094 4512 1124 4564 de
1136 4531 1242 4566 consecr.
1254 4515 1321 4567 11331.
