3108 5162
505 1447 836 1522 TRACTATUS
878 1445 1011 1522 XXII.

542 1710 608 1773 DE
631 1707 987 1774 MATRIMONIO.

604 1985 910 1998 -n--un-

659 2190 803 2250 CAPUT
823 2191 848 2249 l.

620 2423 659 2462 DE
680 2422 886 2465 sponsantes·

526 2602 552 2678 §.
567 2603 591 2661 1.
634 2602 711 2670 Qonc
732 2619 801 2660 smr
819 2607 1001 2668 ειιοιιειιιιι.Ι

253 2789 279 2842 1.
300 2782 453 2860 sponsalia
472 2791 539 2840 sunt
561 2782 715 2860 promissio
735 2789 834 2840 mutua
859 2787 888 2838 et
904 2757 1234 2857 lepitimamatrimonii,
1248 2800 1300 2841 seu

211 2884 253 2941 uti
261 2885 311 2960 jus
325 2881 411 2940 habet
422 2880 505 2939 civile
517 2900 525 2938 ε
548 2888 568 2918 ‘⁶
580 2881 734 2958 sponsalia
746 2887 814 2938 sunt
825 2879 933 2939 mentio
946 2887 975 2938 et
986 2879 1176 2974 repromissio
1190 2883 1301 2957 nuptia·

212 2998 276 3038 rum
288 2974 495 3040 suturarum·”¹
535 2979 577 3038 Ut
589 2980 709 3049 valeant,
723 2996 812 3038 uerus
833 2995 995 3038 consensus
1015 2977 1177 3050 requiritur,
1193 2979 1302 3039 scilicet

213 3080 325 3138 animus
339 3095 370 3136 se
390 3076 536 3155 obligandi
548 3096 600 3154 per
618 3079 714 3147 verba,
728 3078 774 3136 vel
793 3078 848 3138 alia
867 3079 951 3154 signa
973 3083 1100 3143 externa,
1114 3075 1253 3134 indicatus
1274 3089 1302 3138 et

211 3187 383 3256 acceptatur.
426 3176 613 3244 Quintillum
635 3178 849 3237 animiserium
872 3176 1048 3254 propositum
1075 3174 1300 3251 praeciaentes,
1341 3204 1345 3212 ι
1361 3183 1400 3262 s

212 3276 360 3336 dicuntae
386 3277 503 3335 inituros
527 3278 749 3346 matrimonium,
770 3277 855 3353 plano
876 3293 935 3334 non
954 3273 1123 3333 contrahunt
1145 3273 1300 3362 sponsalia,

212 3378 281 3450 quia
293 3394 377 3435 verus
390 3393 548 3434 consensus
557 3376 676 3435 omnino
690 3375 779 3434 deest.
805 3375 838 3434 si
851 3375 982 3433 alteruter
990 3374 1079 3450 tingat
1087 3391 1119 3432 se
1129 3376 1300 3444 consentire,

212 3475 299 3535 sltero
314 3493 379 3534 vere
393 3475 600 3543 consentiente,
614 3475 693 3535 nulla
706 3483 773 3532 sunt
784 3473 948 3552 sponsalia3
968 3473 1072 3550 injuria
1085 3462 1190 3542 autem,
1205 3474 1230 3531 si
1244 3492 1299 3546 qua

210 3573 276 3635 inde
289 3585 351 3634 orta
359 3575 407 3644 sit,
419 3572 576 3652 reparanda
589 3585 651 3633 est:
674 3573 834 3632 “Tenetur
847 3571 996 3648 quidem‚”
1011 3571 1104 3644 inquit
1123 3573 1155 3631 S.
1171 3572 1300 3649 Alphon-

211 3693 269 3745 sus,
286 3682 415 3753 “postea
434 3675 543 3735 ratione
556 3673 734 3752 deceptionis
755 3671 858 3732 damna
877 3673 1028 3732 resarcire:
1044 3671 1093 3730 sed
1112 3690 1170 3731 non
1190 3681 1300 3732 tenetur

211 3775 317 3834 ratione
341 3775 540 3850 promissionis
564 3792 663 3832 verum
689 3791 862 3832 consensum
889 3789 1006 3850 ponere,
1033 3780 1062 3830 et
1086 3774 1299 3834 matrimonium
1390 3833 1392 3840 ,

212 3871 385 3930 contrahere.
420 3874 510 3931 Sccus
533 3891 602 3931 vero
629 3871 783 3932 dicendum
803 3873 828 3930 si
850 3871 1033 3931 intervenerit
1054 3869 1212 3939 defloratio,
1234 3873 1302 3944 quie

185 3993 190 4000 ·
212 3985 279 4028 tunc
293 3967 433 4027 deflorans
446 3971 565 4031 omnino
579 3981 689 4031 tenetur
702 3971 738 4030 ad
750 3972 974 4040 matrimonium,
983 3989 1049 4028 cum
1063 3988 1120 4029 non
1135 3970 1227 4046 posit
1233 3980 1300 4028 tunc

213 4068 267 4126 alia
276 4069 324 4126 via
335 4075 379 4124 sat
392 4069 591 4140 {equivalenter
604 4069 740 4130 damnum
753 4063 941 4129 resarcirs.'’²
981 4068 1100 4135 Quoties
1110 4085 1147 4126 cx
1161 4066 1300 4144 adjunctis

210 4167 288 4227 fictio
302 4164 384 4225 facile
398 4168 550 4244 conjicitur
562 4179 591 4227 et
603 4169 752 4247 detegitur,
766 4169 810 4227 vis
830 4168 909 4228 nulla
928 4167 1112 4245 sponsalibus
1135 4167 1220 4236 inest,
1233 4167 1300 4226 licet

210 4267 280 4326 alter
292 4283 393 4344 reapse
406 4284 466 4326 non
479 4268 640 4346 suspicetur
657 4267 795 4328 fraudem.
838 4268 897 4336 Qui
911 4267 997 4345 igitur
1017 4264 1121 4342 opibus
1142 4266 1298 4337 abundans,

330 4444 373 4511 (l)
391 4441 452 4506 ten
463 4442 480 4496 i.
490 4446 513 4505 §-
524 4441 671 4512 desponsat
943 4443 985 4509 (2)
1005 4440 1035 4491 L.
1046 4440 1078 4492 vi.
1090 4456 1114 4491 n.
1126 4443 1183 4494 833.
1205 4439 1210 4451 ‘
