3124 5168
250 543 286 603 18
431 533 489 598 DE
511 533 820 596 MINISTRANDIS
840 531 1153 596 SAORAMENTIS.

250 701 439 764 matrimoniis
450 699 644 769 clandestinis,
658 703 808 778 prasentia
828 699 948 779 parochi
957 698 992 758 ed
1004 699 1164 758 firmitatem
1179 708 1342 760 contractus

251 820 310 863 non
322 801 485 875 requiritur,
506 809 535 858 et
556 798 641 858 facile
661 809 824 869 excusatur,
845 801 895 874 qui
915 807 1084 877 presentem
1104 817 1137 857 se
1157 799 1242 869 sistit,
1257 817 1295 859 ue
1308 797 1345 858 ed

252 901 445 977 magistratus,
466 899 509 958 vel
531 915 677 976 precones
697 898 856 969 haereticos,
878 917 909 958 se
929 899 1086 966 conferant,
1106 898 1153 956 val
1172 899 1204 958 in
1225 907 1344 976 peccate

253 1009 453 1078 perseverent:
475 997 526 1058 sed
540 996 743 1058 commonendi
756 1008 831 1068 sunt,
851 1007 883 1058 ut
895 997 1058 1058 confitendo
1071 997 1182 1065 saltam,
1196 998 1243 1056 vel
1256 999 1343 1057 etiam

254 1099 455 1186 commuuione
476 1097 661 1174 suscipienda
679 1116 710 1157 se
731 1107 839 1174 parent.
881 1096 943 1175 lpsi
962 1096 1173 1164 contrahentes,
1195 1099 1245 1171 qui
1260 1098 1345 1175 juxta

251 1207 395 1276 receptam
409 1197 577 1256 sententiam
591 1197 713 1256 ministri
732 1205 799 1256 sunt
817 1197 997 1264 sacramenti,
1017 1195 1122 1256 debent
1140 1215 1239 1254 cume
1259 1204 1291 1254 ut
1307 1194 1344 1254 ad

254 1298 373 1376 gratiam
387 1293 601 1373 suscipiendam
615 1294 816 1372 disponantur:
839 1294 915 1370 quod
925 1295 950 1353 si
963 1295 1094 1355 alteruter
1102 1303 1226 1368 nequeat
1235 1295 1343 1362 induci,

254 1399 395 1456 innocens
421 1412 481 1454 non
500 1395 567 1454 ideo
587 1402 633 1453 est
657 1394 810 1472 privandus
831 1396 897 1473 jure
917 1393 1035 1454 ineundi
1058 1394 1242 1454 matrimonii.
1284 1394 1345 1452 Ubi

254 1496 347 1555 obstat
358 1511 480 1553 censura
492 1492 696 1562 ecclesiastica,
717 1512 752 1551 v:
768 1514 803 1574 g:
825 1494 1086 1554 excommunicatio
1106 1493 1218 1553 Liberis
1238 1494 1346 1553 Murat-

255 1595 351 1654 cribus
377 1593 508 1670 irrogata,
534 1593 648 1670 gravior
673 1592 751 1669 exigi
776 1593 887 1652 videtur
911 1612 998 1654 causa
1021 1602 1053 1651 ut
1070 1593 1155 1652 liceat
1178 1590 1292 1652 homini
1311 1611 1345 1651 ea

255 1694 362 1754 irretito
375 1692 491 1761 nubere,
505 1691 556 1751 sed
570 1709 658 1764 quum
673 1692 827 1752 concilium
842 1690 1061 1752 constantiense
1075 1691 1226 1752 indulserit
1239 1699 1260 1727 ‘⁶
1269 1691 1346 1766 qnod

255 1810 341 1852 nemo
354 1790 489 1868 deinceps
512 1791 750 1850 acommunione
783 1791 903 1869 alicujus
923 1793 953 1851 in
975 1800 1217 1852 sacramentorum
1238 1789 1345 1850 admin-

254 1892 411 1959 istratione,
444 1892 489 1951 vel
518 1885 730 1966 receptionem
756 1897 883 1949 tenemur
908 1891 1058 1960 abstinere,
1085 1891 1135 1965 qui
1159 1891 1269 1950 scilicet
1286 1907 1345 1950 non

254 1989 340 2050 fuerit
358 1990 527 2050 nominatim
550 1986 742 2056 denuntiatus,
762 1988 808 2046 vel
838 1990 965 2048 notorius
998 1988 1096 2050 clerici
1121 2007 1281 2066 percussor,
1304 1989 1345 2046 'vi-

255 2086 338 2145 detur
359 2089 490 2146 excusari
508 2105 571 2160 qua
588 2087 653 2163 jora
674 2086 792 2144 naturali
805 2087 932 2146 nubendi
943 2089 1040 2155 utitur,
1060 2087 1217 2148 dummodo
1230 2086 1346 2147 aliunde

256 2203 317 2246 non
337 2202 369 2242 se
389 2184 504 2263 objiciat
528 2183 686 2242 discrimini
711 2183 780 2244 fidei
807 2185 979 2256 amittenda,
1005 2187 1052 2245 vel
1076 2187 1167 2264 prolis
1191 2183 1346 2245 educandae

256 2284 356 2361 impie,
383 2293 462 2360 patre
488 2284 585 2342 forsan
610 2281 730 2345 infideli,
784 2283 857 2352 Quae
884 2285 974 2345 mixta
999 2284 1131 2346 dicuntur
1154 2285 1345 2351 matrimonia,

255 2382 343 2442 altera
355 2390 435 2460 parte
445 2383 586 2450 heretica,
600 2400 653 2458 per
662 2401 694 2440 se
708 2382 815 2444 idcirco
825 2383 923 2444 illicita
932 2384 1102 2462 plerumque
1116 2395 1198 2446 runt:
1213 2394 1346 2444 caeterum

256 2483 393 2561 appositis
419 2477 630 2542 conditionibus
656 2501 721 2556 que
753 2482 911 2559 periculum
937 2484 1128 2561 perversioris
1160 2486 1275 2553 tollunt,
1308 2500 1346 2541 ex

256 2582 469 2660 dispensatione
489 2583 592 2641 licent:
613 2590 642 2640 et
662 2582 730 2640 satis
750 2591 924 2640 excusantur
944 2601 961 2638 a
980 2581 1064 2657 culpa
1083 2582 1202 2658 parochi
1228 2584 1278 2656 qui
1304 2582 1346 2640 eis

256 2675 417 2739 atssistunt.2

295 2781 345 2838 37.
367 2777 470 2836 Utrum
483 2777 633 2850 aliquando
644 2779 728 2838 liceat
740 2778 908 2838 sacramenti
918 2777 1191 2836 administrationem
1202 2776 1347 2844 simulare,

255 2877 344 2950 quari
353 2875 436 2935 solet.
458 2877 504 2936 Ea
517 2876 551 2935 de
564 2896 594 2936 re
608 2875 739 2938 damnata
751 2887 794 2936 est
807 2879 842 2936 ab
854 2877 1023 2936 Innocentio
1031 2876 1257 2954 Xl.'propositio
1265 2875 1345 2934 hmo:

257 2983 384 3054 “urgens
393 2985 486 3034 metus
494 2977 587 3054 gravis
595 2984 639 3034 est
648 2979 1066 3055 causajustasaoramentornm
1076 2975 1347 3035 administrationem

254 3071 455 3138 simulandi.³”
470 3076 611 3136 Doctores
619 3075 737 3154 insuper
745 3078 920 3136 conveniunt
930 3085 1096 3149 “nunquam
1105 3093 1168 3134 ease
1177 3075 1286 3133 licitum
1298 3077 1345 3131 10.

255 3176 379 3254 proferre
393 3176 454 3234 sine
467 3177 623 3235 intentione
643 3177 730 3234 verba
742 3176 964 3234 consecrationis
977 3191 1064 3249 supra
1075 3192 1191 3250 panem,
1205 3183 1253 3232 aut
1266 3173 1347 3242 abso·

255 3274 371 3332 lotionis
384 3292 471 3349 supra
483 3272 701 3349 indispositum:
723 3276 774 3330 20.
792 3272 914 3332 hostiam
934 3290 993 3332 non
1006 3281 1201 3333 consecratam
1215 3291 1267 3350 pro
1281 3291 1347 3332 con·

256 3381 364 3429 saerata
376 3372 521 3448 prebere:
543 3376 592 3432 30.
614 3371 755 3430 celebrare
769 3372 903 3442 Missam,
914 3390 973 3432 uon
992 3372 1164 3451 proferendo
1184 3375 1269 3432 verba
1282 3388 1348 3430 con·

256 3469 456 3531 secretionis.’'
497 3471 540 3532 lta
561 3472 593 3530 S.
612 3464 808 3550 Alphonsus.⁴
847 3472 910 3530 lmo
923 3474 953 3530 in
975 3473 1040 3549 jure
1054 3473 1192 3532 canonico
1204 3472 1346 3549 legimus:

257 3568 352 3628 “licet
370 3572 407 3637 is,
428 3572 479 3641 qui
504 3588 556 3647 pro
575 3573 621 3628 sni
646 3571 775 3628 criminis
801 3569 977 3628 conscientia
996 3580 1109 3647 reputat
1130 3591 1162 3630 se
1185 3570 1345 3648 indignum,
1437 3609 1440 3613 -

255 3677 355 3745 peccet
374 3667 505 3743 graviter,
526 3667 552 3725 si
571 3685 603 3725 se
623 3667 732 3744 ingerat
750 3668 934 3727 irreverenter
953 3666 989 3727 ad
1010 3669 1092 3740 illud,
1114 3671 1226 3748 gratim
1252 3678 1346 3729 tanum

256 3764 367 3824 videtur
379 3764 535 3835 offendere,
550 3767 600 3839 qui
613 3766 655 3824 sie
668 3765 862 3826 fraudulenter
874 3767 945 3827 illud
956 3772 1173 3848 praesumpserit
1194 3769 1345 3829 simulare:

155 3929 156 3932 ,
256 3883 322 3928 oum
336 3865 385 3924 ille
399 3865 430 3923 iu
449 3865 538 3925 solius
558 3865 751 3926 misericordis
771 3866 829 3926 Dei
848 3885 966 3928 manum
989 3869 1179 3938 lucidatione
1201 3867 1269 3928 verri
1290 3887 1348 3928 non

255 3965 349 4026 solum
362 3966 438 4034 Deo,
452 3967 500 4024 cui
513 3984 570 4024 non
593 3975 706 4024 veretur
728 3966 855 4036 illudere,
870 3967 920 4026 sed
938 3969 1047 4046 populo
1070 3987 1155 4042 quem
1177 3969 1294 4047 decipit,
1315 3987 1347 4026 se

255 4059 460 4145 adstringat.'’⁴
817 4149 818 4154 η

296 4171 345 4226 38.
367 4168 450 4226 Licet
463 4173 557 4224 tamon
571 4165 726 4223 orationem
741 4165 865 4238 aliquam
889 4166 1005 4225 recitare
1026 4176 1054 4226 et
1067 4185 1153 4227 mauu
1166 4166 1347 4234 benedicere,

292 4325 335 4392 (1)
356 4325 442 4378 Const.
454 4327 554 4378 Martini
565 4327 597 4375 V.
614 4324 657 4376 Ad
666 4324 789 4376 evitando.
976 4327 1019 4394 (2)
1039 4327 1065 4377 S.
1077 4327 1221 4394 Alph.l.vi.
1233 4343 1258 4378 n.
1270 4330 1311 4378 54.

293 4409 335 4474 (3)
355 4408 427 4474 Prop.
439 4411 507 4460 xxix.
977 4411 1021 4479 (4)
1041 4411 1070 4464 L.
1081 4413 1113 4464 ri.
1124 4429 1150 4464 n.
1161 4413 1201 4462 59.

557 4497 600 4560 (5)
621 4495 650 4545 Ο.
663 4495 692 4546 de
702 4495 802 4549 lentina
810 4497 851 4549 vii.
862 4496 892 4549 dc
903 4493 945 4548 ccl.
957 4495 1027 4548 Mar.
