3108 5162
396 537 453 598 DE
474 537 795 601 IMPEDIMENTIS
816 537 1090 596 MATRIMONII.
1231 545 1289 602 347

199 704 409 781 consanguinea
435 722 487 780 per
513 707 599 763 verba
630 704 801 764 contraxerit
832 703 867 760 de
900 703 1044 779 praesenti,
1072 723 1137 763 cum
1165 706 1290 765 secunda

200 821 345 862 remanere
371 797 530 860 debebit.”l
570 804 704 862 Attamen
728 803 770 859 rei
791 809 910 858 eventus
936 801 1131 877 expectandus
1154 803 1235 874 foret,
1256 813 1287 862 nt

199 903 285 960 liceat
296 901 408 976 nuptias
422 901 503 959 inire.

245 1005 311 1060 173.
332 999 571 1074 impedimentum
592 999 712 1076 publica
726 996 883 1056 honestatis
896 1007 1066 1074 perpetuum
1084 1009 1136 1066 est,
1151 1019 1290 1078 quaprop-

203 1109 243 1156 ter
255 1108 321 1174 post
333 1114 447 1173 sponsae
461 1106 593 1166 mortem,
608 1098 653 1155 vel
666 1096 875 1174 professionem
889 1096 1050 1174 religiosam
1060 1099 1202 1174 perdurat.

243 1202 310 1258 174.
332 1197 381 1254 Ex
392 1197 572 1256 matrimonio
586 1195 720 1264 invalido,
729 1197 786 1254 nisi
799 1215 836 1254 ex
849 1195 958 1254 delectu
968 1213 1125 1256 consensus
1134 1198 1290 1257 invalidum

202 1297 247 1364 sit,
269 1297 357 1354 oritur
383 1294 540 1354 honestatis
566 1295 812 1372 impedimentum.
854 1293 938 1361 Quod
965 1295 990 1352 si
1017 1294 1172 1354 invalidum
1198 1299 1234 1355 sit
1253 1298 1290 1356 ob

203 1395 298 1470 ipsum
313 1393 473 1452 honestatis
495 1395 740 1471 impedimentum,
755 1412 813 1452 uon
836 1393 909 1452 tollit
931 1393 1109 1470 sponsalium
1128 1395 1290 1470 praeceden-

206 1493 275 1550 tium
289 1494 358 1559 vim,
373 1509 435 1564 quae
454 1492 561 1552 idcirco
584 1493 701 1570 implere
716 1493 820 1561 licebit,
835 1493 861 1549 si
880 1492 982 1568 copula
1001 1491 1078 1549 haud
1098 1494 1291 1552 intercesserit

202 1609 268 1648 cum
288 1592 507 1667 consanguinea.
549 1600 568 1628 ‘⁶
578 1593 627 1650 Ex
641 1591 824 1668 sponsalibus
847 1592 938 1667 puris,
952 1591 1048 1659 certis,
1063 1590 1219 1655 dummodo
1233 1612 1292 1652 non

205 1691 264 1748 sint
275 1689 352 1747 nulla
364 1707 402 1747 ex
422 1689 533 1748 defectu
554 1709 720 1760 consensus,
735 1692 823 1749 oritur
849 1689 951 1748 efficax
971 1687 1006 1746 ad
1026 1690 1242 1766 impediendum
1262 1701 1291 1750 et

205 1787 397 1846 dirimendum
418 1791 566 1860 sequentia
592 1790 743 1865 sponsalia,
759 1789 803 1847 vel
830 1787 1052 1856 matrimonium,
1066 1807 1124 1846 non
1144 1799 1237 1850 autem
1256 1791 1291 1849 ad

204 1886 395 1963 precedentis
414 1885 638 1956 dissolvendum,
653 1888 887 1964 impedimentum
909 1887 1028 1964 justitiae
1047 1888 1168 1964 publi'cae
1187 1891 1292 1948 hones·

204 1979 318 2042 11111.”2
363 1984 469 2043 Deficit
504 2004 662 2045 cousensus
696 1987 809 2058 quando
836 1985 1008 2063 conjugium
1040 1995 1187 2060 attentatur
1218 1990 1293 2046 inter

204 2094 343 2152 amentes,
358 2083 491 2154 furiosos,
507 2087 612 2154 ebrios,
628 2094 656 2142 et
669 2093 745 2144 metu
759 2087 837 2162 gravi
849 2085 1030 2152 constrictos,
1045 2084 1167 2157 ideoque
1181 2086 1292 2147 nullum

204 2181 269 2240 inde
290 2182 378 2241 oritur
398 2183 644 2260 impedimentum.
687 2184 737 2242 Sic
759 2186 784 2243 si
803 2203 881 2242 error
902 2183 1037 2259 respiciat
1055 2201 1217 2260 personam,
1232 2203 1291 2243 non

209 2281 458 2348 valetconsensus,
472 2283 730 2342 matrimoniumve.
772 2284 821 2340 Ex
834 2282 1013 2340 matrimonio
1024 2281 1201 2341 clandestino
1214 2285 1292 2341 inva-

208 2379 268 2438 lido
277 2380 365 2438 oritur
374 2379 608 2454 impedimentum
622 2381 789 2449 honestatis,
803 2383 844 2438 uti
858 2380 1012 2438 declaravit
1026 2381 1057 2436 S.
1073 2379 1292 2459 Congregatio.³

247 2482 313 2536 175.
334 2476 426 2536 AEtas
450 2488 481 2536 ut
494 2481 585 2539 valeat
598 2480 807 2538 matrimonium
822 2498 861 2544 ea¹
869 2478 1018 2551 requiritur
1032 2496 1088 2550 qua
1103 2480 1213 2553 possint
1226 2498 1293 2538 con·

204 2577 346 2636 trahentes
376 2577 463 2644 coire,
492 2588 520 2636 et
545 2579 704 2656 intelligant
736 2578 827 2636 coitus
859 2585 996 2634 naturam.
1038 2577 1177 2634 Pubertas
1206 2579 1291 2656 igitur

204 2678 369 2734 necessaria
382 2685 435 2744 est,
450 2678 496 2735 vel
508 2696 572 2750 quae
586 2687 652 2735 aetas
675 2678 807 2753 proxima
819 2685 862 2733 cst
874 2675 1024 2752 pubertati,
1039 2673 1109 2733 adeo
1123 2685 1154 2734 ut
1175 2677 1292 2746 malitia,

205 2776 246 2831 uti
268 2775 380 2842 dicitur,
396 2775 529 2852 suppleat
542 2785 663 2844 aetatem,
678 2775 745 2834 dum
759 2776 868 2833 scilicet
886 2774 1061 2833 intellectum
1079 2783 1108 2832 et
1121 2775 1194 2832 vires
1208 2794 1293 2852 gene·

205 2871 285 2929 randi
316 2873 429 2930 habent.
472 2875 559 2932 Pueri
593 2892 730 2932 annorum
757 2873 981 2948 quatuordeeim,
1008 2874 1109 2950 puellae
1141 2873 1292 2934 duodecim

205 2988 346 3028 annorum
360 2971 567 3045 completorum
582 2973 704 3048 puberes
717 2971 872 3032 habentur:
888 2971 965 3044 quod
980 2975 1005 3030 si
1018 2991 1051 3029 ea
1061 2981 1140 3030 aetate
1151 2983 1294 3047 nequeant

206 3085 352 3146 generare,
366 3085 426 3126 non
446 3069 529 3128 facile
544 3069 695 3147 separandi
714 3079 780 3128 sunt
792 3079 857 3147 post
876 3058 1043 3146 conjugium
1062 3071 1173 3138 initum,
1188 3072 1239 3128 sed
1258 3071 1294 3129 ad

206 3179 317 3242 tempus
331 3168 504 3243 impotentes
518 3168 653 3227 censendi
667 3179 758 3226 erunt.
779 3169 858 3227 Puer
870 3169 971 3226 saltem
986 3185 1059 3225 anno
1071 3168 1182 3226 decimo
1193 3181 1293 3228 octavo

207 3265 342 3341 perfecto,
356 3265 453 3342 puella
466 3266 579 3326 decimo
592 3277 701 3341 quarto,
715 3267 867 3342 generandi
878 3267 1034 3344 potentiam
1049 3265 1151 3326 habeat
1164 3277 1291 3344 oportet:

207 3374 379 3441 quapropter
405 3364 430 3421 si
456 3375 520 3424 aute
545 3365 575 3424 id
601 3365 737 3442 temporis
763 3374 828 3442 post
852 3366 1058 3442 experientiam
1092 3366 1205 3425 triennii
1236 3385 1293 3424 non

206 3463 350 3532 habeatur,
373 3462 427 3520 erit
451 3464 624 3540 impotentia
651 3473 794 3540 perpetuae
826 3463 973 3522 indicium.
1016 3463 1108 3520 Senes
1136 3466 1186 3536 qui
1209 3467 1293 3524 etiam

206 3561 382 3621 medicorum
396 3579 452 3637 cpe
470 3564 576 3621 coitum
591 3562 703 3620 efficere
721 3568 874 3634 nequeunt,
889 3561 965 3621 haud
985 3557 1052 3620 sunt
1064 3581 1183 3638 capaces
1196 3565 1291 3622 matri·

204 3662 311 3720 monii:
332 3679 416 3719 secus
430 3662 455 3718 si
468 3663 581 3737 possint
601 3662 687 3730 coire,
702 3663 843 3733 quamvis,
859 3671 999 3735 nequeant
1019 3679 1166 3738 generare.
1207 3664 1292 3722 AEtas

203 3762 267 3836 lege
281 3760 483 3842 civili‘statuta
499 3771 563 3820 ante
578 3779 664 3834 qnam
678 3760 730 3818 lilii
744 3759 868 3842 familias
884 3779 941 3820 non
957 3771 1077 3838 possunt
1092 3764 1205 3839 nuptias
1220 3764 1292 3822 inire

206 3859 313 3930 absque
327 3868 476 3936 parentum
486 3862 578 3928 venia,
589 3879 647 3918 non
661 3860 779 3936 respicit
792 3860 916 3918 valorem
930 3870 1106 3918 contractus:
1123 3872 1294 3936 quapropter

206 3957 302 4014 valent
314 3959 492 4016 matrimonia
500 3961 647 4036 juniorum
662 3968 752 4026 aetate,
768 3959 982 4025 catholicorum,
996 3977 1047 4015 seu
1061 3957 1291 4024 acatholicorum,

206 4054 302 4112 invitis
316 4056 479 4131 parentibus
493 4067 641 4126 contracta,
656 4059 717 4116 sive
731 4076 826 4115 coram
842 4055 997 4124 sacerdote,
1008 4057 1069 4114 sive
1082 4074 1177 4113 coram
1192 4057 1293 4132 magis·

207 4162 287 4225 tratu,
299 4154 344 4211 vel
359 4155 487 4213 ministro
501 4165 684 4232 protestante,
699 4157 724 4214 si
739 4155 849 4213 nullum
858 4154 935 4213 aliud
946 4155 1036 4213 obstet
1045 4153 1291 4230 impedimentum,

273 4375 315 4440 (1)
335 4374 398 4440 Gap.
410 4375 722 4446 urricderpearalibusin
735 4379 758 4424 5.
1063 4377 1105 4442 (2)
1125 4375 1225 4428 ibidem.

545 4464 588 4529 (3)
608 4461 671 4511 Vide
683 4461 709 4509 S.
721 4459 812 4525 Alphl.
825 4460 849 4510 vi
860 4475 886 4510 n.
902 4461 974 4509 1064.
