3124 5168
254 569 293 624 34
570 563 627 625 DE
649 563 795 625 FORMA
816 563 1027 625 BAPTISMI.

252 730 297 790 vel
321 731 361 812 by
385 731 507 809 Anglice
533 731 724 802 substituatur,
745 733 857 792 videtur
876 751 979 791 sensus
1000 749 1115 792 manere
1135 732 1261 802 illaesus3
1288 732 1340 792 sed

252 848 341 903 quum
361 830 492 891 nonnulli
517 831 718 900 contradicant,
738 833 883 893 securitati
908 831 1116 892 consulendum
1137 840 1189 900 est,
1210 833 1339 894 iterando

250 929 393 1007 baptismo
406 931 459 991 sub
472 931 644 991 conditione.

294 1034 340 1090 10.
364 1031 467 1094 Utrum
495 1031 647 1106 aliquando
672 1031 804 1108 Apostoli
829 1031 864 1090 in
889 1031 1010 1091 nomine
1035 1029 1112 1090 Jesu
1135 1031 1342 1108 baptizaverint

252 1127 434 1209 disceptatur,
458 1131 601 1208 plerisque
628 1132 810 1192 censentibus
833 1133 1006 1208 baptismum
1031 1148 1147 1208 semper
1168 1131 1198 1188 iu
1223 1132 1339 1190 nomine

253 1230 337 1288 trium
363 1248 549 1324 personarum
574 1230 707 1290 collatum
732 1232 833 1300 luisse,
854 1231 905 1290 sed
925 1231 1032 1290 dictum
1057 1231 1088 1288 iu
1114 1229 1231 1288 nomine
1255 1230 1339 1300 lesu,

252 1338 285 1387 ut
308 1328 527 1408 distingueretur
552 1351 569 1389 a
593 1331 714 1390 loannis
736 1332 923 1408 baptismate:
952 1331 1015 1389 aliis
1042 1328 1278 1388 contendentibus
1303 1349 1342 1389 ex

253 1427 464 1505 dispensatione
490 1430 526 1488 ad
551 1440 663 1508 tempus
689 1431 728 1488 ita
752 1431 956 1490 consuevisse:
990 1430 1020 1488 id
1046 1441 1140 1488 autem
1163 1430 1341 1507 exploratum

252 1527 379 1597 habetur,
390 1529 564 1607 baptismum
572 1529 738 1608 hujusmodi
748 1533 809 1609 jam
823 1549 881 1590 non
892 1530 996 1589 valere.
1038 1529 1096 1596 Qui
1110 1537 1204 1588 autem
1217 1526 1341 1588 diceret:

254 1629 457 1688 “Auctoritate
478 1629 599 1688 Domini
617 1629 722 1699 Jesu,'’
735 1621 789 1688 'vel
811 1640 831 1667 ‘⁴
843 1630 1050 1707 obtemperans
1070 1629 1198 1689 Domino
1217 1628 1300 1698 Jesu,
1315 1640 1341 1688 te

252 1728 367 1806 baptizo
382 1729 412 1787 iu
431 1730 547 1788 nomine
568 1729 671 1798 Patris,
692 1739 721 1788 et
740 1730 818 1799 Filii,
838 1739 867 1788 et
886 1730 1011 1807 Spiritus
1031 1728 1130 1788 Sancti
1139 1729 1169 1797 ;”
1191 1729 1344 1787 conticeret
1364 1781 1368 1790 .

253 1826 436 1906 baptismum,
452 1830 536 1888 verba
549 1829 625 1887 enim
641 1829 690 1887 illa
709 1848 773 1902 qua
794 1829 968 1906 precedunt,
982 1829 1042 1887 vim
1062 1828 1160 1887 sormae
1181 1828 1345 1902 relinquunt

254 1927 382 1986 illesam.
425 1929 459 1987 Si
484 1928 589 1987 diceret
608 1929 691 2002 quis:
716 1928 864 2007 “baptizo
884 1940 911 1986 te
937 1930 968 1988 in
994 1929 1111 1988 nomine
1132 1928 1236 1996 Patris,
1257 1937 1286 1987 et
1311 1927 1342 1987 in

254 2028 370 2085 nomine
396 2028 474 2097 Filii,
501 2037 529 2086 et
553 2029 585 2085 in
609 2029 725 2086 nomine
753 2028 877 2106 Spiritus
904 2029 1003 2086 Sancti
1013 2027 1044 2096 ;”
1072 2029 1215 2087 videretur
1239 2025 1342 2087 dubius

254 2125 431 2202 baptismus:
455 2128 481 2185 si
494 2126 600 2185 diceret
619 2128 649 2185 in
675 2126 862 2196 nuntiatum,
883 2128 956 2186 nihil
981 2127 1144 2198 conficeret,
1166 2128 1232 2201 quia
1251 2129 1344 2186 unitas
1364 2112 1368 2126 ’

254 2233 360 2282 nature
386 2225 489 2285 divinae
516 2224 593 2284 haud
618 2227 837 2303 significaretur.
889 2226 922 2285 Si
948 2228 1112 2305 conjunctio
1136 2235 1256 2302 utroque
1280 2227 1345 2285 loco

255 2325 441 2394 omitteretur,
462 2325 565 2384 dubius
586 2326 733 2403 plerisque
755 2326 884 2404 videtur:
919 2345 1004 2386 secus
1024 2328 1050 2385 si
1069 2328 1220 2405 posteriori
1245 2327 1345 2386 saltem

255 2425 419 2494 retineatur,
433 2444 499 2484 nam
512 2434 557 2483 est
568 2434 703 2484 consueta
715 2424 831 2485 dicendi
844 2427 916 2487 ratio
930 2428 1162 2506 conjunctionem
1177 2427 1266 2505 priori
1278 2426 1343 2485 loco

254 2526 394 2585 omittere.
437 2527 470 2584 Si
484 2525 558 2584 dicat
570 2525 651 2598 quis:
674 2527 817 2604 “baptizo
828 2534 855 2584 te
865 2526 894 2585 in
908 2527 1025 2584 nomine
1039 2527 1140 2585 SSmae
1154 2526 1304 2585 Trinitatis
1313 2524 1343 2594 ;”

255 2623 357 2685 dubius
371 2633 415 2682 est
427 2624 595 2704 baptismus,
610 2626 678 2699 quia
690 2609 876 2702 personarum
897 2624 1041 2683 distinctio
1054 2623 1163 2684 videtur
1181 2626 1345 2684 necessario

255 2723 451 2800 exprimenda.

298 2827 346 2880 11.
367 2822 401 2881 Si
420 2822 592 2896 quisdicat:
621 2825 717 2903 “Ego
737 2843 788 2884 vos
814 2805 939 2903 baptizo,
960 2823 1037 2882 etc.'’
1058 2832 1087 2882 et
1106 2823 1194 2882 simul
1213 2833 1349 2902 aspergat

211 2949 215 2952 ·
254 2920 351 2999 plures
365 2941 448 2996 aqua,
462 2924 509 2982 vel
522 2925 558 2983 iis
577 2943 641 2984 eam
654 2923 792 2994 infundat,
806 2925 880 2984 valet
892 2924 1068 3002 baptismus;
1089 2942 1152 2996 quae
1168 2931 1262 2981 tamen
1274 2925 1346 2982 ratio

214 3035 215 3040 ’
255 3041 315 3082 non
328 3032 371 3080 eat
383 3033 462 3082 extra
474 3024 674 3085 necessitatem
687 3024 860 3102 usurpanda.
903 3025 972 3084 Non
983 3023 1059 3083 valet
1067 3024 1224 3101 baptismus
1236 3023 1262 3080 si
1271 3041 1346 3083 unus

155 3177 157 3182 .
256 3121 387 3183 infundat
399 3142 514 3199 aquam,
525 3125 596 3183 alius
610 3123 686 3183 dicat
698 3125 793 3183 verba.

298 3227 345 3281 12.
367 3222 427 3290 Qui
446 3224 569 3283 diceret:
592 3231 723 3300 “mergo
743 3231 780 3293 te,
804 3222 883 3281 eto.’'
910 3242 976 3282 vere
995 3223 1162 3300 baptizaret,
1190 3220 1346 3281 dummodo

256 3321 343 3379 simul
362 3331 511 3399 mergeret,
536 3341 594 3382 non
617 3333 710 3382 autem
733 3323 759 3381 si
781 3323 838 3381 alio
859 3332 942 3400 pacto
955 3341 1065 3396 ‘aquam
1088 3321 1250 3381 adhiberet:
1281 3323 1347 3395 quia

257 3438 355 3480 verum
373 3439 431 3482 non
450 3423 601 3492 nuntiaret,
621 3430 683 3482 actu
702 3425 767 3483 voci
785 3422 862 3482 haud
878 3422 1078 3501 respondente.
1120 3421 1155 3479 Si
1168 3421 1258 3480 dicat:
1278 3420 1346 3480 loco

256 3527 294 3589 te,
309 3531 364 3578 etc.
379 3541 567 3595 quecumque
581 3523 688 3582 ablutio
702 3523 827 3581 sufficiet
835 3531 866 3580 ut
879 3524 1037 3599 baptismus
1046 3523 1084 3579 sit
1092 3521 1212 3600 integer.
1254 3520 1347 3579 Oaete·

256 3637 320 3676 rum
339 3637 397 3678 vox
419 3622 462 3692 ab¹
480 3620 615 3695 Ecclesia
640 3621 748 3680 sancita
772 3621 872 3693 nequit
897 3621 1003 3695 absque
1022 3621 1101 3698 gravi
1120 3621 1205 3699 culpa
1224 3621 1345 3678 mutari:

259 3716 356 3795 “Ego
370 3729 396 3777 te
410 3720 535 3797 baptizo,
548 3718 626 3777 etc.”

172 3871 176 3876 .
259 3843 261 3849 ,
299 3820 346 3876 13.
384 3818 455 3892 Quas
480 3819 699 3897 praemittuutur,
724 3819 771 3877 vel
796 3819 988 3897 adjunguntur
1013 3819 1123 3888 forme,
1150 3838 1209 3878 non
1235 3819 1348 3878 obstant

257 3918 394 3996 baptismi
407 3919 505 3988 valori,
520 3919 632 3992 quoties
652 3937 753 3978 seusus
767 3938 826 3978 non
845 3919 965 3978 laeditur.
1008 3919 1073 3977 “Si
1092 3919 1192 3988 vero,’'
1207 3920 1301 3992 inquit
1313 3919 1346 3976 S.

258 4020 400 4090 Thomas,
422 4029 441 4072 ‘t
451 4021 488 4079 sit
502 4013 570 4101 talis
591 4019 709 4087 additio,
724 4037 787 4095 qum
801 4038 859 4078 non
880 4019 988 4078 auferat
1006 4017 1132 4077 debitum
1146 4037 1273 4086 sensum,
1288 4037 1347 4078 non

257 4121 366 4181 tollitur
385 4119 552 4194 sacramenti
571 4121 687 4180 veritas.
730 4119 795 4180 Nec
815 4119 909 4188 refert,
923 4126 1016 4177 utrum
1037 4119 1100 4178 talis
1118 4118 1228 4179 additio
1247 4117 1298 4176 fiat
1316 4119 1348 4177 in

257 4222 409 4300 principio,
421 4218 531 4289 medio,
543 4221 592 4295 ¹vel
611 4221 685 4280 fine:
707 4229 739 4280 ut
757 4221 783 4278 si
802 4219 903 4292 aliquis
923 4217 1007 4287 dicat,
1030 4219 1116 4297 ‘Ego
1134 4229 1162 4278 te
1181 4218 1298 4296 baptizo
1317 4219 1349 4276 iu

260 4321 380 4384 nomine
393 4321 559 4382 DeiPatris
574 4321 791 4406 omnipotentis,
805 4328 834 4377 et
853 4319 921 4379 Filii
934 4317 998 4396 ejus
1015 4318 1165 4398 unigeniti,
1179 4329 1208 4377 et
1221 4317 1346 4394 Spiritus

260 4418 358 4475 Sancti
371 4420 512 4481 Paracle'ti
524 4419 550 4478 :’‘
564 4424 618 4482 erit
633 4441 731 4481 verum
745 4421 895 4498 baptisma.
938 4420 979 4479 Et
991 4420 1122 4479 similiter
1135 4404 1164 4478 ¹si
1184 4419 1249 4492 quis
1263 4414 1347 4483 dicat,

259 4501 345 4596 ‘Ego
366 4527 394 4576 te
412 4507 537 4599 baptizo,
552 4499 719 4604 innomine
738 4522 842 4588 Patris,
863 4530 891 4579 et
910 4520 988 4588 Filii,
1002 4529 1031 4601 et
1050 4518 1174 4596 Spiritus
1196 4517 1304 4585 Sancti,
1320 4525 1348 4575 et
