3172 5172
555 551 613 612 DE
634 551 760 612 MISSA
778 549 1059 613 APPLIOANDA.
1286 557 1344 612 125

253 715 418 775 conditione
438 717 547 778 adnexa
566 718 705 779 offerendi
726 720 834 779 Missas
857 737 909 796 pro
928 719 991 796 ejus
1012 717 1116 788 anima,
1143 718 1263 777 intentio
1282 718 1345 796 ejus

254 815 451 894 investiganda
463 828 522 876 est:
545 819 570 877 si
590 820 667 878 enim
682 819 739 877 sibi
758 821 837 879 visus
857 818 895 877 sit
907 817 1092 895 proposuisse
1105 818 1252 895 precipue
1265 835 1344 876 com·

254 916 393 985 munitati,
408 917 454 976 vcl
466 917 608 977 sacerdoti
620 919 783 988 subvenire,
794 919 950 978 Missurum
967 935 1104 976 numerus
1117 917 1230 976 arbitrio
1244 935 1345 976 eornm

253 1015 411 1091 permissus
424 1019 602 1076 censebitur:
625 1037 710 1077 secus
733 1019 759 1076 si
778 1031 837 1077 sue
857 1016 942 1076 saluti
962 1017 1119 1095 praesertim
1139 1017 1260 1076 voluerit
1278 1035 1345 1076 eon·

253 1114 356 1183 solere,
372 1117 528 1177 Missurum
542 1117 748 1177 celebratione:
770 1127 837 1176 tunc
856 1115 933 1177 enim
947 1117 1104 1176 Missurum
1118 1133 1253 1176 numerus
1261 1117 1346 1193 juxta

252 1225 419 1275 consuetum
433 1218 610 1294 stipendium
623 1216 804 1276 definiendus
824 1217 886 1292 erit,
908 1215 966 1275 nisi
992 1214 1068 1274 aliud
1081 1215 1232 1294 episcopo,
1245 1214 1344 1276 habita

253 1315 362 1373 ratione
376 1334 487 1374 morum
501 1317 639 1394 regionis,
652 1317 791 1376 videatur.

295 1418 364 1498 15'1.
387 1415 444 1482 Qui
458 1415 674 1492 eleemosynam
687 1415 806 1492 accepit,
828 1412 913 1472 debet
934 1413 1057 1472 Missam
1077 1411 1219 1473 celebrare
1231 1431 1283 1490 pro
1296 1412 1344 1472 dc·

253 1511 370 1581 iunctis,
384 1514 429 1573 vel
443 1515 579 1583 votivam,
599 1515 646 1573 vel
669 1515 751 1583 alias,
765 1522 849 1591 prout
861 1513 962 1590 petivit
981 1511 1115 1580 donator;
1135 1522 1165 1571 et
1184 1515 1210 1572 si
1231 1513 1345 1573 obstent

256 1609 401 1682 Rubricae,
428 1612 512 1672 debet
531 1633 597 1673 eum
618 1632 746 1674 monere.
789 1613 932 1672 Gaeterum
948 1613 1027 1689 justa
1047 1609 1082 1670 de
1108 1630 1192 1670 causa
1211 1613 1344 1690 poterita

255 1711 395 1786 petitione
416 1712 592 1788 aliquatenus
612 1714 755 1782 recedere,
776 1712 947 1771 voluntatem
970 1712 1092 1788 petentis
1112 1730 1193 1786 aque
1206 1713 1343 1790 interpre-

254 1820 328 1868 tans.
372 1819 391 1847 “
401 1809 478 1872 Cum
498 1813 595 1873 multae
609 1813 711 1872 Missae
731 1813 832 1871 votivae
853 1811 910 1870 sint
929 1819 1061 1888 accepte,
1082 1820 1111 1868 et
1130 1828 1188 1870 non
1201 1810 1346 1870 sufficiant

254 1906 315 1966 dies
329 1928 387 1968 non
401 1912 531 1989 impediti
553 1923 675 1989 possunt
693 1911 831 1990 applicari
851 1910 951 1969 Missae
971 1917 1129 1979 currentes,
1150 1917 1182 1968 ut
1193 1907 1345 1968 declaravit

255 2007 286 2064 S.
301 2008 338 2068 C.
357 2013 392 2068 19
406 2012 479 2090 Maji
496 2011 606 2070 lott.”
649 2010 796 2086 Equidem
809 2011 938 2068 voluntas
952 2009 1094 2069 Ecclesiae
1107 2008 1284 2086 praeferenda
1301 2017 1345 2068 est

251 2107 386 2168 voluntati
400 2109 492 2170 dantis
506 2113 733 2190 eleemosynam,
756 2113 806 2186 qui
825 2110 958 2169 sacrificii
971 2110 1094 2170 fructum
1109 2110 1257 2188 percipiet,
1277 2109 1343 2168 licet

253 2224 352 2282 preces
366 2208 484 2268 diversas
497 2207 581 2271 sint.¹

296 2310 364 2364 152.
385 2307 525 2370 Reductio
539 2311 651 2370 numeri
671 2311 828 2369 Missurum
846 2327 909 2382 quc
932 2308 962 2367 in
983 2317 1151 2368 testamento
1171 2309 1343 2385 prescriptae

253 2414 328 2474 sunt,
343 2407 388 2465 vel
402 2407 431 2466 iu
444 2408 609 2469 fundatione
623 2411 774 2487 imposita,
788 2408 903 2468 nonnisi
923 2408 1091 2467 auctoritate
1116 2405 1266 2466 Pontificis
1279 2405 1342 2464 fieri

252 2499 373 2580 potest.2

294 2609 360 2664 153.
383 2607 547 2685 Applicatio
561 2610 662 2668 Missae
682 2606 813 2668 facienda
832 2617 877 2686 cst
895 2607 942 2666 vel
964 2614 1028 2665 ante
1051 2606 1187 2676 Missam,
1209 2604 1339 2664 velante

253 2707 506 2778 consecrationem,
521 2710 567 2769 vel
580 2710 609 2768 in
623 2709 686 2785 ipsa
696 2709 924 2768 consecratione:
945 2717 1079 2766 casurum
1089 2705 1239 2766 habitualis
1252 2705 1344 2764 inten-

253 2805 292 2862 tio
305 2805 416 2864 videtur
429 2808 571 2877 sufficere,
586 2808 659 2867 adeo
672 2807 766 2882 utqui
779 2825 831 2884 per
841 2826 971 2868 mensem
985 2807 1119 2875 celebret,
1134 2825 1172 2866 ex
1185 2806 1341 2864 intentione

252 2906 357 2980 praevia
377 2907 540 2982 applicandi
559 2909 668 2967 Missas
685 2908 749 2967 illas
772 2907 896 2976 cuidam,
920 2925 1018 2966 revera
1037 2906 1201 2972 satisfaciat,
1227 2904 1295 2963 licet
1313 2905 1344 2962 in

252 3003 323 3079 ipsis
337 3004 378 3063 nil
392 3004 426 3064 de
441 3025 476 3067 eo
490 3009 604 3086 cogitet.
647 3006 707 3066 Sed
726 3008 752 3066 si
772 3007 836 3079 quis
849 3005 928 3064 nullo
941 3007 1048 3083 praevio
1061 3003 1210 3081 proposito
1223 3005 1342 3070 emisso,

252 3105 368 3163 nonnisi
381 3115 448 3183 post
460 3109 706 3167 consecrationem
726 3106 831 3183 cogitet
849 3104 884 3164 dc
908 3105 1001 3165 Missa
1015 3101 1195 3181 applicanda,
1211 3103 1272 3178 jam
1285 3118 1352 3159 uon

252 3206 355 3278 poterit
380 3224 443 3265 eam
471 3209 634 3285 applicare:
656 3206 702 3266 val
721 3206 823 3265 saltem
846 3223 905 3264 non
926 3202 1086 3265 censendus
1106 3209 1151 3260 est
1169 3200 1343 3260 satisfecisse

254 3304 343 3361 oneri.
386 3305 455 3364 Non
469 3307 575 3366 sufficit
588 3306 706 3366 intentio
720 3304 832 3366 cuidam
842 3323 879 3364 ex
892 3306 1021 3383 pluribus
1034 3304 1157 3363 Missam
1171 3298 1343 3379 applicandi,

252 3402 303 3461 sed
318 3401 512 3465 determinari³
533 3406 617 3466 debet
629 3424 761 3484 persona,
776 3405 906 3478 quamvis
924 3422 1043 3464 necesse
1063 3422 1122 3462 non
1136 3403 1173 3461 sit
1185 3410 1216 3460 ut
1228 3402 1343 3459 nomine

254 3499 422 3564 innotescat.
446 3505 521 3564 Haec
535 3506 689 3566 studiosius
703 3506 850 3566 retulimus
867 3515 898 3564 ut
910 3506 939 3564 in
952 3512 1029 3564 tanto
1041 3501 1189 3563 offerendo
1202 3499 1343 3560 sacrificio

252 3604 328 3662 nulla
341 3607 431 3683 turpis
445 3605 516 3665 lucri
528 3607 607 3666 labes
621 3606 787 3684 reperiatur.

457 3799 499 3864 (1)
519 3796 583 3847 Vide
593 3797 620 3848 S.
631 3797 707 3863 Alpis.
718 3797 734 3847 1.
745 3798 778 3848 vi.
787 3813 812 3846 n.
824 3798 883 3845 422.

454 3884 496 3949 (2)
516 3882 557 3934 Ex
569 3882 631 3933 deor.
643 3882 670 3931 S.
683 3881 713 3931 Ο.
726 3881 832 3932 concilii
842 3882 958 3947 probante
970 3879 1069 3931 Urbano
1081 3877 1149 3927 Vlll.

456 3967 498 4034 (3)
518 3966 544 4016 S.
560 3966 634 4032 Alpis.
645 3967 660 4016 l.
673 3966 705 4015 vi.
717 3982 742 4016 n.
754 3968 813 4015 335.
