3172 5172
261 555 301 612 Gt
446 551 503 612 DE
525 549 824 612 SUSCEPTIONE
845 552 1161 618 EUCHARISTIAE.

262 719 380 798 gratiam
400 717 582 788 conserendi3
608 736 663 778 nec
682 719 785 793 aliquis
806 719 892 779 habet
910 722 1028 798 gratiam
1049 733 1113 782 ante
1139 725 1351 801 susceptionem

261 819 347 897 hujus
370 819 549 886 sacramenti,
563 819 608 878 vel
621 818 677 876 nisi
691 837 727 877 ex
747 820 843 893 aliquo
863 829 930 878 voto
949 822 1051 898 ipsius,
1072 823 1117 880 vel
1139 842 1192 901 per
1212 825 1350 900 scipsum,

264 919 337 976 sicut
349 917 448 987 adulti,
462 918 507 977 vel
521 926 588 977 voto
601 917 751 986 Ecclesiae,
765 918 839 976 sicot
851 914 1010 995 parvuli.'’1

300 1021 351 1076 41.
371 1017 405 1076 ln
418 1019 516 1077 mortis
525 1016 682 1076 verosimili
690 1017 853 1076 discrimine
864 1026 907 1075 est
917 1019 1074 1079 arctissima
1083 1018 1217 1096 obligatio
1231 1021 1351 1097 suscipi·

263 1115 344 1176 eodm
364 1117 570 1176 Eucharistiae:
593 1116 719 1174 divinum
734 1117 842 1194 quippe
855 1127 1028 1195 preceptum
1042 1128 1108 1176 tunc
1121 1121 1246 1177 maxime
1259 1128 1349 1196 urget,

261 1235 312 1276 eos
325 1217 479 1294 presertim
494 1215 543 1289 qui
556 1233 619 1274 eam
633 1233 780 1289 nunquam
799 1226 997 1293 susceperunt,
1011 1217 1058 1276 vel
1070 1219 1100 1277 in
1114 1218 1247 1294 paschate
1261 1218 1349 1276 susci·

261 1334 327 1392 pere
348 1315 544 1392 neglexerunt.
587 1314 629 1374 Ita
649 1315 839 1374 communiter
858 1308 1024 1393 theologi*
1050 1315 1130 1374 Hinc
1150 1317 1199 1391 qni
1211 1335 1303 1394 nuper
1316 1315 1351 1374 ad

259 1412 346 1472 fidem
355 1415 487 1474 conversi
497 1422 573 1482 sunt,
581 1433 639 1474 non
646 1422 712 1474 sunt
720 1414 861 1474 ullatenus
870 1414 977 1489 absque
984 1414 1039 1476 hoc
1048 1417 1210 1476 necessario
1221 1415 1349 1474 subsidio

262 1532 299 1571 ex
312 1515 369 1572 vita
383 1511 553 1591 dimittendi,
567 1531 601 1572 eo
615 1523 754 1592 pretextu
768 1512 845 1587 quod
858 1533 916 1573 non
930 1515 988 1573 sint
997 1515 1065 1573 satis
1074 1514 1109 1574 dc
1123 1524 1200 1574 tanto
1213 1515 1352 1592 mysterio

262 1614 389 1672 instructi
402 1633 410 1672 :
433 1613 545 1671 sienim
556 1611 654 1682 fidem,
667 1632 724 1686 qua
732 1614 889 1690 baptismus
900 1606 934 1672 iis
947 1615 1101 1673 ministrari
1108 1616 1209 1683 valeat,
1220 1615 1351 1682 habeant,

162 1719 169 1728 '
262 1731 320 1771 una
332 1703 398 1772 dum
412 1713 528 1786 aliquali
541 1713 640 1770 notitia
652 1712 739 1790 hujus
750 1713 929 1782 sacramenti,
939 1722 1115 1790 poterunteo
1125 1714 1239 1774 muniri.
1269 1712 1353 1780 Quod

264 1814 289 1871 si
309 1812 467 1890 baptismus
481 1811 516 1871 iis
531 1810 608 1869 haud
620 1813 689 1870 satis
709 1811 828 1882 edoctis,
843 1814 888 1872 vel
899 1811 985 1871 dubie
999 1813 1155 1892 dispositis,
1169 1814 1352 1879 ministretur,

263 1921 304 1980 ut,
319 1922 458 1986 quatenus
472 1911 534 1970 fieri
548 1912 650 1988 possit,
665 1911 700 1968 iis
715 1913 889 1980 consulatur,
903 1913 1002 1984 utique
1016 1913 1051 1972 ab
1065 1912 1248 1971 Eucharistia
1260 1911 1354 1971 danda

264 2013 405 2070 abstinere
418 2012 524 2071 licebit.
567 2009 709 2069 Homines
721 2011 828 2088 ingenii
839 2011 1006 2081 hebetioris,
1015 2020 1043 2069 et
1053 2011 1224 2071 conditionis
1234 2011 1353 2078 vilioris,

264 2111 361 2183 quales
370 2110 595 2186 suntmaucipia‚
605 2129 663 2168 non
672 2119 739 2168 sunt
749 2110 857 2185 absque
865 2111 968 2169 viatico
977 2109 1147 2178 dimittendi,
1156 2129 1244 2185 quum
1255 2121 1283 2169 et
1296 2111 1353 2188 ipsi

259 2220 404 2287 praecepto
417 2209 514 2268 divino
528 2217 691 2268 tencantur:
713 2228 812 2269 eorum
830 2211 916 2288 igitur
936 2211 1020 2270 saluti
1041 2208 1247 2270 consulendum
1262 2220 1353 2269 osteo

262 2308 424 2385 prebendo,
437 2309 505 2368 licet
523 2308 621 2367 notitia
640 2307 716 2367 haud
737 2307 808 2369 adeo
828 2310 903 2369 clara
922 2311 992 2369 tanti
1010 2309 1143 2388 mysterii
1167 2311 1267 2369 imbuti
1287 2311 1352 2376 sint,

262 2407 418 2468 dummodo
429 2409 497 2467 alias
512 2407 715 2484 dispositioncs
729 2411 904 2468 necessarias
918 2408 1050 2469 habeant.
1092 2410 1194 2469 Pueris
1203 2408 1262 2468 doli
1273 2427 1355 2486 capa·

263 2507 353 2578 cibus,
363 2509 411 2582 qui
419 2527 482 2566 eam
492 2507 654 2566 discernere
665 2507 810 2577 valent„in
822 2509 922 2568 mortis
937 2511 1055 2568 articulo
1067 2507 1249 2567 Eucharistia
1262 2508 1354 2566 danda

265 2601 333 2664 est.³
373 2608 587 2674 Peccatoribus‚
602 2608 686 2665 etiam
698 2607 883 2684 gratissimis,
893 2607 945 2664 sub
957 2607 1296 2683 mortempoenitentibus,
1311 2617 1355 2664 est

265 2724 379 2779 quoque
393 2705 553 2784 praebenda,
568 2707 603 2765 iis
618 2705 689 2764 datis
703 2707 868 2782 poenitentis
879 2705 965 2763 animi
979 2706 1090 2764 indiciis
1103 2723 1167 2777 quac
1182 2705 1216 2762 ad
1230 2705 1298 2763 abso
1311 2705 1354 2762 ln·

265 2806 371 2864 tionem
382 2807 417 2863 iis
428 2805 643 2881 impertiendam
657 2806 687 2863 in
702 2815 778 2863 tanto
791 2802 955 2864 discrimine
968 2804 1129 2864 sufficiunt:
1144 2822 1210 2862 uam
1221 2803 1355 2862 Ecclesia

266 2905 329 2963 vult
341 2905 486 2963 neminem
506 2903 627 2964 fraudari
647 2913 723 2964 tanto
741 2902 881 2973 subsidio,
897 2904 947 2978 qui
966 2905 1051 2982 plane
1072 2903 1205 2982 indignus
1228 2922 1287 2962 non
1306 2904 1352 2960 sit.

267 3003 377 3081 Capitis
399 3005 536 3063 damnatis
556 3005 648 3064 danda
668 3013 712 3063 est
731 3004 922 3073 Eucharistia,
936 3023 973 3062 ex
992 3003 1107 3063 decreto
1127 3003 1160 3062 S.
1182 3003 1229 3062 Pii
1249 3002 1287 3060 V.
1306 3004 1355 3076 qni

265 3106 435 3166 contrarium
444 3105 543 3182 rejecit
556 3124 663 3164 morem
672 3105 701 3163 in
716 3104 820 3164 Galliis
835 3105 988 3181 vigentem.
1023 3105 1083 3172 Qui
1095 3103 1170 3162 bello
1183 3112 1227 3160 eat
1236 3111 1354 3161 certatu-

264 3225 312 3265 rus
326 3213 435 3265 tenetur
445 3204 657 3263 Eucharistiam
671 3205 751 3280 prius
763 3222 887 3272 sumere,
899 3204 923 3262 si
936 3205 973 3261 sit
985 3205 1086 3282 copia:
1102 3203 1170 3262 item
1180 3204 1228 3276 qui
1243 3202 1354 3280 pericu·
1395 3218 1411 3252 .·

263 3305 331 3363 lose
345 3305 519 3382 navigationi
528 3321 559 3362 se
568 3304 774 3362 commissurus
785 3313 838 3372 est,
850 3303 895 3361 vel
908 3304 956 3362 alii
970 3305 1068 3362 mortis
1081 3302 1239 3362 discrimini
1252 3322 1259 3360 ε
1277 3301 1354 3376 qnod

268 3405 424 3480 prasertim
457 3401 609 3461 dicendum
635 3402 661 3460 si
687 3413 813 3481 tempore
846 3403 989 3481 paschatis
1015 3423 1074 3462 non
1093 3402 1357 3462 communicaverit.

269 3504 377 3562 Mulier
390 3513 453 3562 ante
467 3504 591 3580 primum
605 3503 798 3579 puerperium,
807 3501 883 3576 quod
894 3521 959 3560 cum
973 3503 1036 3560 vitae
1050 3501 1176 3579 periculo
1189 3500 1357 3576 plemmquc

267 3587 456 3678 conjungitur,
471 3609 581 3666 tenetur
593 3600 805 3659 Eucharistiam
819 3600 974 3675 suscipere.

307 3702 357 3757 42.
379 3699 470 3757 Extra
480 3699 579 3757 mortis
593 3698 748 3756 discrimen
761 3699 866 3775 saepius
886 3698 917 3756 in
930 3699 986 3756 vita
1000 3707 1130 3756 tenemur
1144 3694 1357 3755 Eucharistiam

270 3799 424 3874 suscipere,
447 3797 527 3855 cibus
551 3799 629 3855 enim
649 3798 751 3855 animae
770 3807 824 3866 est,
845 3798 907 3855 sine
928 3815 984 3869 quo
1005 3797 1101 3853 vivere
1121 3813 1178 3854 non
1193 3783 1357 3872 possumus.

271 3897 411 3959 Ecclesia
424 3898 473 3957 lex
486 3896 577 3955 semel
590 3898 619 3956 in
633 3914 708 3956 anno
716 3896 826 3975 obligat
843 3914 943 3954 omnes
964 3896 1014 3970 qui
1028 3894 1063 3953 ad
1076 3913 1166 3954 annos
1180 3894 1359 3956 discretionis

186 4066 189 4070 ,
271 3999 469 4077 pervenerint;
499 3995 549 4055 sed
571 4009 600 4056 et
620 3996 795 4070 frequentius
818 3995 953 4054 accedere
974 4005 1103 4054 tenentur
1131 3997 1180 4069 qui
1206 4007 1310 4056 norunt
1329 4014 1360 4052 se

254 4096 339 4165 aliis
353 4117 419 4158 anas
433 4097 603 4176 cupiditates
623 4097 778 4174 reprimere
798 4115 856 4156 non
877 4114 975 4174 posse.
1017 4095 1176 4156 Rarissime
1190 4105 1283 4154 tamen
1297 4113 1361 4170 spe-

403 4329 445 4393 (l)
464 4325 498 4376 iii.
509 4341 534 4390 p.
545 4340 586 4388 qu.
598 4324 677 4374 lxxix.
688 4330 732 4376 art.
743 4299 801 4374 iad
814 4327 836 4374 l.

403 4413 445 4477 (2)
464 4410 528 4459 Vide
538 4409 705 4460 Busembaum
716 4407 780 4473 apud
791 4409 818 4460 S.
831 4408 904 4473 Alph.
917 4407 933 4456 1.
946 4407 977 4457 vi.
988 4423 1015 4457 n.
1025 4410 1086 4457 287.

404 4499 446 4564 (3)
466 4497 565 4555 Ibidem,
576 4511 601 4546 n.
614 4499 671 4546 29&
689 4495 752 4546 Vide
763 4504 787 4548 et
798 4495 891 4557 Bensd.
903 4493 973 4544 XIV.
984 4493 1015 4544 dc
1026 4495 1088 4558 Syri.
1100 4493 1116 4544 b
1126 4491 1160 4542 vii
1170 4506 1192 4541 c.
1203 4489 1246 4540 xii.
