3108 5162
272 709 355 771 facile
368 707 525 787 periculum
540 705 735 766 consentiendi
746 707 776 765 in
785 705 1001 766 delectationem
1011 705 1046 764 de
1056 703 1257 784 copulacum
1267 706 1395 783 conjuge

273 803 412 870 aliena.”²

312 911 363 970 79.
384 907 418 966 ln
437 905 505 964 loco
524 923 605 964 sacro
624 905 727 982 copula
751 902 880 962 habenda
899 921 956 963 non
977 913 1030 973 est,
1050 913 1129 963 extra
1153 903 1393 968 necessitatem,

273 1025 337 1082 quae
351 1005 489 1084 contingit
502 1005 626 1064 exercitu
641 1005 669 1063 in
684 1004 807 1063 ecclesia
820 1003 988 1062 diversante.

315 1111 365 1166 80.
386 1106 421 1164 ln
442 1104 543 1164 diebus
569 1103 688 1171 festivis,
702 1111 731 1160 et
748 1103 862 1180 jejunii,
876 1102 1046 1161 abstinentia
1065 1103 1100 1160 ab
1118 1119 1222 1178 opere
1254 1091 1391 1176 conjugii

274 1203 507 1270 commendatum
521 1202 573 1260 sed
586 1202 692 1260 nullam
706 1202 795 1260 violat
805 1201 900 1278 legem
914 1202 962 1272 qui
975 1219 1010 1259 eo
1024 1200 1134 1260 fruitur.

313 1308 362 1362 el.
385 1303 517 1360 Graviter
541 1319 745 1374 nonnunquam
772 1301 927 1378 arguebant
951 1309 1044 1377 patres
1070 1301 1197 1360 maritos
1238 1297 1388 1356 uxoribus

274 1401 483 1478 pregnantibus
501 1399 578 1458 haud
591 1409 756 1476 parcentes:
777 1398 828 1457 sed
841 1416 956 1477 gravem
970 1398 1085 1476 culpam
1104 1400 1134 1458 in
1154 1395 1390 1457 consuetudine

273 1501 327 1559 hac
340 1517 397 1560 non
416 1508 576 1578 agnoscunt
593 1498 719 1576 theologi
738 1499 884 1576 plerique:
906 1515 972 1556 nam
993 1498 1105 1557 abortus
1131 1497 1221 1571 quod
1246 1495 1390 1572 objicitur

272 1599 430 1678 periculum
456 1607 575 1676 negatur
600 1617 674 1666 ease,
699 1617 788 1670 quum
813 1597 923 1656 semine
945 1605 1060 1674 recepto
1082 1597 1245 1656 claudatur
1278 1593 1388 1652 matrix

274 1699 442 1766 arctissime,
456 1697 530 1757 haud
545 1697 627 1755 facile
641 1697 715 1755 coitu
736 1698 835 1756 iterato
855 1695 1017 1774 aperienda.
1060 1697 1126 1763 Quo
1139 1697 1246 1774 magis
1270 1689 1385 1750 accedit

274 1807 387 1874 tempus
401 1796 538 1874 pariendi,
553 1797 694 1854 eominus
708 1805 752 1853 est
770 1796 939 1872 periculum,
955 1813 1020 1852 nam
1035 1795 1119 1854 scetus
1137 1797 1176 1853 ita
1199 1788 1384 1853 secundinis

273 1897 438 1966 involvitur,
451 1905 483 1955 ut
495 1914 561 1954 eum
575 1913 631 1953 non
647 1895 740 1972 possit
751 1913 848 1952 semen
870 1895 1044 1970 contingere.
1087 1893 1174 1953 (loire
1186 1903 1300 1952 tamen
1314 1907 1381 1948 cum

274 2006 437 2075 pregnante
451 1995 483 2054 S.
498 1995 648 2072 Alphonso
661 1992 771 2051 videtur
780 1994 865 2071 culpa
878 1993 1008 2062 venialis,
1020 2003 1040 2030 “
1051 1994 1108 2053 nisi
1118 1993 1191 2051 adsit
1206 1989 1381 2070 periculum

275 2097 498 2162 incontinentia,
512 2093 558 2151 vel
571 2092 626 2149 alia
638 2092 757 2150 honesta
770 2084 906 2150 causa.”'

312 2197 362 2250 82.
385 2193 525 2250 “Fluxus
545 2191 674 2248 mulieris
701 2190 774 2249 alius
800 2199 843 2249 est
861 2193 998 2250 naturalis
1018 2200 1047 2249 et
1070 2189 1251 2260 ordinarius,
1271 2198 1303 2247 et
1324 2189 1377 2246 iste

273 2291 387 2369 proprie
405 2289 508 2350 dicitur
522 2298 694 2357 menstruus,
708 2291 775 2364 quia
787 2291 976 2350 communiter
988 2291 1109 2368 singulis
1130 2293 1286 2350 mensibus
1301 2285 1375 2344 solet

273 2392 303 2450 in
324 2390 437 2452 seminis
457 2390 595 2458 accidere,
610 2400 639 2448 et
652 2391 742 2458 durat,
756 2401 787 2449 ut
804 2390 968 2467 plurimum,
983 2407 1034 2465 per
1050 2389 1123 2449 duos
1144 2389 1189 2446 vel
1209 2399 1275 2448 tres
1297 2385 1372 2444 dies.

273 2491 356 2550 Alius
380 2490 631 2558 extraordinarius,
653 2489 825 2565 proueniens
844 2507 883 2547 ex
905 2488 1000 2561 aliquo
1023 2490 1123 2548 morbo
1149 2488 1302 2554 diuturno,
1321 2485 1370 2556 qui

273 2589 425 2662 aliquando
439 2589 520 2648 durat
537 2607 629 2662 usque
643 2588 678 2646 ad
698 2588 847 2647 duodecim
861 2586 922 2647 dies
936 2597 965 2645 et
976 2588 1056 2646 ultra.
1098 2589 1250 2664 Tempore
1270 2585 1369 2644 fluxus

272 2687 488 2746 extraordinarii
502 2697 609 2745 certum
619 2697 663 2744 est
674 2687 761 2744 licere
770 2697 827 2746 tam
840 2684 957 2746 reddere
967 2705 1049 2760 quam
1060 2683 1206 2765 petere.’'⁸
1233 2687 1367 2746 Duraute

272 2786 353 2843 fluxu
379 2796 516 2842 consueto
542 2784 660 2842 venialis
687 2785 798 2842 videtur
819 2784 903 2860 culpa
928 2786 1015 2854 coire,
1030 2789 1097 2860 qnia
1120 2786 1182 2844 talis
1203 2788 1301 2844 coitus
1323 2791 1369 2839 est

272 2883 367 2941 minus
393 2890 474 2957 aptus
500 2883 687 2958 generationi,
709 2901 798 2956 quum
819 2883 926 2942 femina
952 2885 1047 2944 minus
1070 2887 1106 2943 sit
1131 2885 1234 2944 idonea
1256 2882 1363 2943 semini

271 2979 435 3040 retinendo:
468 2992 643 3058 quapropter
675 2993 787 3059 tempus
819 2985 1021 3060 opportunius,
1047 2986 1127 3043 brevi
1161 2983 1362 3049 adventurum,

272 3081 482 3159 expectandum
504 3082 585 3140 soret.
629 3081 844 3141 “Conveniunt
863 3093 957 3142 autem
973 3125 1076 3142 .....
1091 3083 1168 3157 quod
1193 3084 1305 3142 nullum
1326 3082 1363 3140 sit

272 3191 422 3260 peccatum
436 3185 512 3242 coire
527 3183 574 3240 tali
588 3191 725 3258 tempore,
739 3184 764 3240 si
778 3181 852 3239 adsit
865 3184 959 3254 aliqua
972 3201 1057 3240 causa
1070 3182 1273 3260 turpitudinem
1285 3183 1361 3241 illam

272 3281 472 3352 cohonestaris,
487 3300 590 3357 nempe
611 3280 647 3340 ad
667 3281 780 3340 vitanda
799 3279 928 3349 dissidia,
943 3291 990 3339 aut
1012 3281 1245 3347 incontinentiam
1266 3283 1297 3340 in
1316 3299 1357 3347 se,

272 3381 317 3438 vel
331 3381 360 3439 in
377 3381 475 3450 altero,
491 3390 538 3438 aut
550 3380 604 3438 alia
616 3380 753 3439 similia.”
795 3381 835 3438 At
854 3382 880 3438 si
900 3380 978 3440 nulla
997 3381 1034 3438 sit
1053 3399 1137 3438 causa
1156 3381 1357 3446 cohonestans‚

271 3490 356 3556 negat
365 3479 397 3538 S.
411 3481 578 3558 Alphonsus
587 3499 705 3539 uxorem
720 3497 815 3556 posse,
830 3481 937 3553 absque
948 3479 1152 3562 culpaveniali,
1163 3481 1356 3557 obtemperare

271 3581 373 3637 marito
387 3579 491 3636 coitum
506 3579 622 3655 petenti,
637 3598 703 3637 narn
717 3587 794 3636 actus
809 3579 870 3654 ipse
883 3579 1059 3638 inordinatus
1074 3587 1126 3637 est.

309 3677 359 3730 83.
381 3675 453 3731 Post
472 3684 583 3750 partum
606 3676 777 3748 aliquamdiu
803 3695 819 3732 a
838 3677 912 3735 coitu
927 3667 970 3735 est
989 3677 1203 3738 abstinendum:
1225 3689 1269 3736 est
1281 3678 1355 3738 enim

208 3763 214 3770 ’
272 3769 401 3844 quaedam
427 3771 605 3829 indecentia:
629 3774 730 3831 “Nisi
755 3775 930 3850 purgationis
961 3785 1072 3854 tempus
1102 3778 1180 3854 prius
1207 3777 1354 3842 transierit,

270 3871 340 3931 viris
354 3870 414 3928 auis
428 3889 485 3930 non
506 3869 611 3928 debent
629 3870 781 3930 admisceri
792 3871 823 3940 ;”
838 3875 878 3932 uti
893 3874 976 3933 tradit
989 3875 1021 3933 S.
1038 3876 1196 3954 Gregorius
1218 3872 1279 3936 Μ.4
1299 3874 1354 3935 Sed

271 3971 390 4032 venialis
404 3973 571 4049 plerumque
585 3982 716 4030 censetur
728 3971 822 4050 culpa,
836 3973 893 4032 nisi
908 3975 1063 4050 periculum
1078 3976 1172 4053 gravit
1187 3975 1278 4035 morbi
1291 3974 1353 4035 inde

271 4072 428 4141 immineat,
441 4073 482 4130 uti
495 4071 634 4148 contingit
642 4073 809 4132 coeuntibus
823 4072 924 4132 eodem
938 4073 983 4132 vel
997 4076 1127 4148 sequenti
1141 4073 1199 4133 die.

311 4174 359 4229 84.
380 4173 518 4249 Proprius
531 4170 597 4231 finis
611 4174 665 4232 sibi
675 4173 878 4251 proponendus
891 4175 920 4233 in
933 4191 1089 4250 congressu
1103 4175 1204 4233 marito
1218 4185 1261 4232 est
1268 4176 1352 4254 prolis

273 547 332 606 eta
549 541 606 602 Du
628 537 806 602 ouulctls
828 536 1077 600 OONJUGUM.

374 4393 417 4457 (r)
437 4392 463 4442 s.
475 4392 621 4456 utputa.
633 4410 659 4444 n.
671 4397 728 4444 cm.
988 4397 1030 4461 (a)
1050 4383 1150 4457 niuem,
1162 4413 1187 4446 n.
1199 4399 1258 4448 aaa.

319 4551 325 4560 1
375 4478 417 4542 (3)
437 4476 536 4538 Ibidem,
547 4493 572 4527 n.
585 4479 662 4527 9250
981 4485 1024 4550 (4)
1044 4481 1074 4532 O.
1086 4482 1128 4531 lin.
1140 4481 1204 4532 Diet.
1215 4499 1238 4530 v.
