3144 5192
498 547 554 608 DE
576 547 761 608 MUNERE
783 547 1074 608 OONFESSARII.
1274 553 1334 610 225

244 717 277 774 S.
292 715 474 793 Alphonsus:
498 715 650 774 “Moralis
673 716 792 774 scientia
814 733 873 773 non
892 715 988 774 solum
1006 714 1087 774 valde
1109 715 1272 773 necessaria
1291 723 1335 774 est

244 816 403 874 christianae
423 815 596 893 reipublicae,
610 834 675 874 curn
690 833 727 873 ex
741 834 775 872 ea
789 813 949 890 dependeat
967 816 1073 873 bonum
1087 815 1215 891 regimen
1229 815 1335 872 anima·

245 933 319 983 rum,
334 913 383 972 sed
398 917 481 973 etiam
496 925 540 972 est
558 933 742 990 summopere
763 913 903 982 difficilis;
925 925 984 972 tum
1008 915 1074 986 quia
1092 914 1156 990 ipsa
1174 913 1335 992 generalem

245 1014 374 1072 notitiam
388 1015 505 1088 requirit
517 1015 646 1072 omnium
662 1014 779 1073 aliarum
791 1014 982 1081 scientiarum,
995 1013 1168 1081 officiorum,
1177 1023 1205 1071 et
1214 1014 1333 1080 artium;

247 1123 305 1171 tum
320 1115 386 1185 quia
400 1123 440 1170 tot
453 1115 579 1172 diversas
600 1113 797 1190 complectitur
821 1113 952 1170 materias
974 1112 1046 1169 inter
1068 1132 1099 1170 se
1123 1113 1254 1181 dissitas;
1275 1121 1335 1170 tum

244 1213 309 1284 quia
323 1212 352 1269 in
366 1209 469 1290 nragna
482 1222 561 1289 parte
574 1222 685 1271 constat
698 1221 738 1270 tot
750 1213 861 1288 legibus
881 1212 1022 1288 positivis,
1038 1231 1100 1284 quae
1122 1211 1237 1269 nonnisi
1258 1211 1335 1288 apud

244 1309 394 1368 Casuistas
409 1313 498 1370 allatae
512 1313 704 1378 inveniuntur,
716 1311 875 1368 etmaxime
889 1309 963 1387 apud
973 1311 1155 1378 recentiores,
1164 1329 1228 1368 curn
1237 1310 1335 1388 hujus·

245 1409 322 1467 modi
342 1410 421 1486 leges
441 1413 471 1468 in
492 1409 554 1468 dies
581 1409 735 1486 prodeant3
763 1408 878 1466 demum
900 1408 1068 1466 difficillima
1093 1409 1195 1477 evadit,
1219 1418 1334 1486 propter

245 1509 409 1566 innumeras
432 1528 548 1567 casuum
572 1509 809 1575 circumstantias,
824 1527 861 1565 ex
882 1509 985 1580 quibus
1006 1507 1209 1566 resolutionum
1232 1507 1336 1585 pendet

245 1607 380 1665 variatio:
402 1627 468 1665 nam
488 1628 526 1666 ex
546 1607 819 1666 circumstantiarum
846 1607 1007 1665 diversitate
1027 1606 1139 1665 diversa
1164 1606 1333 1684 applicanda

244 1714 310 1763 sunt
323 1705 481 1782 principia:
504 1708 581 1765 etin
604 1707 659 1764 hoc
680 1705 830 1764 difficultas
848 1703 1025 1764 consistit.”1
1067 1707 1125 1773 Qui
1147 1709 1183 1764 ob
1203 1706 1332 1766 fidelium

244 1805 442 1862 necessitatem
463 1804 497 1863 ad
521 1805 719 1864 confessiones
741 1803 895 1863 audiendas
916 1804 1099 1864 admittuntur
1119 1825 1218 1882 parum
1239 1805 1333 1864 edocti

244 1921 356 1962 ruorum
370 1904 520 1982 principia,
534 1914 562 1962 et
581 1906 742 1963 sanctiones
763 1905 980 1972 ecclesiasticas,
994 1915 1023 1962 et
1032 1905 1197 1982 judicandis
1211 1905 1334 1982 singulis

242 2003 425 2079 rebus,juxta
433 2003 484 2061 has
493 2022 619 2082 normas·
632 2004 707 2062 haud
718 2005 835 2072 assueti,
847 2023 950 2081 magno
960 2014 1106 2062 versantur
1117 2005 1146 2061 in
1154 2004 1331 2062 discrimine.
1373 2071 1377 2079 ἱ

243 2101 300 2168 Qui
314 2111 406 2160 autem
420 2122 478 2162 non
493 2113 608 2171 temere,
624 2103 675 2161 sed
688 2103 866 2179 superiorum
876 2101 998 2181 judicio,
1008 2104 1100 2161 evecti
1109 2113 1184 2172 sunt,
1199 2104 1332 2162 excusari

243 2210 372 2276 possunt,
388 2203 413 2259 si
426 2212 533 2270 curent,
548 2211 687 2275 quatenus
707 2203 828 2271 valeant,
844 2221 895 2260 sua
914 2203 1011 2261 munia
1031 2202 1187 2271 addiscere,
1201 2212 1230 2261 et
1242 2203 1332 2271 obire,

244 2298 347 2358 honori
360 2299 458 2358 divino
471 2311 499 2359 et
512 2302 670 2360 animarum
691 2301 774 2360 saluti
787 2302 979 2359 consulentes.

281 2400 351 2455 214.
375 2397 553 2458 Confessarii
579 2402 639 2472 qui,
665 2400 760 2460 studio
786 2400 955 2476 Theologiae
982 2399 1101 2458 Moralis
1127 2401 1331 2476 praetermisso,

245 2513 350 2556 munus
364 2515 449 2556 suum
470 2509 612 2566 exercent,
626 2501 676 2564 vix
689 2509 810 2577 possunt
823 2518 839 2555 a
858 2499 934 2576 gravi
949 2507 1066 2575 peccato
1088 2501 1228 2566 excusari,
1243 2516 1331 2572 quum

244 2595 392 2655 scientiam
414 2599 605 2656 necessariam
628 2598 663 2655 ad
684 2599 712 2656 id
732 2600 783 2656 rite
802 2597 965 2656 obeundum
987 2616 1150 2673 comparare
1171 2598 1332 2675 negligant:

243 2697 293 2768 qui
305 2697 396 2756 semel
413 2695 507 2756 edocti
526 2696 603 2755 haud
623 2707 722 2756 curant
740 2697 872 2756 refricare
891 2697 1070 2766 memoriam,
1085 2706 1213 2756 auctores
1233 2716 1334 2756 consu·

241 2794 337 2865 lendo,
359 2798 405 2872 vel
425 2798 577 2865 doctiores,
598 2815 670 2870 quos
693 2806 806 2865 norunt,
827 2796 1025 2866 confessarios,
1047 2798 1201 2871 omniaque
1224 2807 1330 2856 temere

243 2893 408 2964 decernunt,
436 2914 541 2972 magno
567 2895 679 2954 errandi
711 2897 839 2974 periculo
866 2915 897 2954 se
923 2908 1080 2973 exponunt.
1122 2898 1205 2956 Licet
1229 2897 1334 2955 idcirco

243 2994 390 3069 episcopis
404 2995 592 3052 confessarios
606 2995 641 3052 ad
661 3015 780 3054 casuum
803 2995 984 3054 conscientiae
1005 2995 1213 3054 discussionem
1226 2996 1332 3071 pluries

243 3091 274 3150 iu
288 3111 364 3151 anno
377 3111 544 3162 convocare,
557 3094 659 3173 quibus
674 3095 844 3156 intervenire
858 3103 988 3152 tenentur
1000 3094 1154 3170 regulares,
1169 3095 1218 3166 qui
1232 3112 1334 3169 appro-

240 3187 297 3250 bati
317 3194 436 3251 suntad
457 3193 652 3252 consessiones
673 3195 851 3254 saecularium
870 3192 1035 3260 audiendas,
1049 3193 1105 3250 nisi
1120 3210 1202 3251 casus
1222 3191 1331 3249 consci-

242 3291 324 3349 entiae
338 3292 368 3350 in
381 3311 434 3351 suo
447 3301 587 3351 conventu
600 3293 787 3352 discutiantur
800 3294 878 3351 statis
893 3287 1095 3369 temporibus.2

440 3489 521 3566 §.IL
557 3489 605 3548 Drr
627 3509 942 3550 ruruenoonrrorrruus
962 3477 1132 3548 rucrrnors.

280 3670 350 3724 215.
372 3667 511 3734 Quamvis
522 3667 685 3743 paenitentis
698 3667 735 3724 sit
748 3669 875 3743 seipsum
890 3684 1031 3734 accusare,
1046 3677 1167 3724 attamen
1182 3667 1206 3725 si
1221 3666 1333 3724 conses-

242 3766 334 3823 sarius
348 3766 625 3824 animadvertateum
634 3785 691 3824 non
705 3767 774 3823 satis
788 3784 853 3824 sues
867 3764 981 3841 explere
992 3757 1095 3843 partes,
1106 3765 1188 3825 debet
1200 3765 1333 3842 supplere

244 3862 511 3939 interrogationibus
525 3866 680 3940 prudenter
693 3865 793 3924 factis:
816 3873 835 3900 ‘⁶
848 3863 988 3922 Sacerdos
1003 3875 1095 3924 autem
1107 3865 1145 3922 sit
1157 3865 1295 3922 discretus
1306 3873 1334 3921 et

243 3969 359 4028 cautum
380 3962 530 4040 diligenter
543 3964 689 4038 inquirens
699 3973 726 4021 et
739 3964 896 4041 peccatoris
910 3963 1133 4021 circumstantias
1148 3972 1175 4019 et
1188 3951 1342 4038 peccati.”'

244 4057 287 4118 Ita
301 4056 427 4118 decrevit
440 4061 592 4120 concilium
606 4062 797 4122 Lateranense
811 4058 881 4122 IV.l
923 4061 1066 4120 Caeterum
1081 4079 1180 4118 norrea
1194 4080 1210 4116 a
1222 4058 1333 4117 conses-

243 4157 319 4217 sario
332 4159 457 4236 exigitur
469 4160 499 4220 iu
512 4162 644 4221 examine
658 4161 813 4239 diligentia,
828 4179 892 4234 quae
905 4160 1053 4237 poenitenti
1067 4158 1218 4217 convenit:
1240 4156 1292 4216 sed
1305 4159 1333 4216 vi

275 4325 701 4482 ((12))Illel:1r.nS.figddg.Diseiplinoe
713 4419 736 4466 8.
747 4415 774 4466 N
775 4430 813 4464 ov.
827 4414 899 4461 1752.
917 4411 1014 4474 approb.
1025 4427 1039 4460 a
1050 4409 1184 4462 Benedicta
1193 4409 1263 4460 XIV.
1275 4416 1334 4460 tom.

241 4497 273 4550 ir.
284 4497 395 4552 Bullarii.
802 4498 844 4564 (3)
865 4493 926 4562 Gap.
938 4495 989 4546 xxi.
