3172 5172
539 552 595 623 DE
617 551 739 614 MODO
761 551 1045 613 CELEBRANDI.
1283 559 1339 615 117

248 727 411 778 nontamen
425 721 643 796 superveniente
652 721 730 779 inani
740 722 843 780 mentis
857 721 1003 798 scrupulo.
1046 719 1161 787 “Quod
1173 719 1200 778 si
1212 721 1342 779 timeatur

252 819 385 876 incursus
405 819 543 889 hostium,
558 821 603 878 vel
624 820 785 887 alluvionis,
801 821 846 878 vel
865 821 946 878 ruina
957 820 1015 878 loci
1028 819 1077 878 ubi
1097 821 1262 888 celebretur,
1277 829 1341 878 ante

251 919 494 978 consecrationem
504 917 660 978 dimittatur
672 920 783 988 Missa3
801 930 868 997 post
877 920 1120 978 consecrationem
1131 919 1197 978 verb
1208 919 1341 978 sacerdos

255 1017 411 1074 accelerare
425 1019 533 1095 poterit·
549 1019 739 1094 sumptionem
760 1021 940 1087 sacramenti,
955 1019 1070 1076 omissis
1084 1020 1215 1078 omnibus
1230 1013 1341 1076 aliis.”1

252 1116 349 1174 Etiam
373 1127 441 1194 post
461 1117 584 1176 hostiam
604 1126 810 1186 consecratam,
831 1119 927 1176 licebit
945 1117 1097 1190 aliquando
1117 1117 1260 1186 recedere,
1274 1118 1342 1176 vino

252 1214 328 1274 haud
341 1225 516 1284 consecrato,
531 1217 645 1290 quando
656 1219 811 1278 necessitas
820 1215 985 1294 hujusmodi
994 1219 1079 1294 cogit,
1090 1237 1156 1276 nam
1167 1237 1225 1276 non
1233 1227 1344 1276 tenetur

252 1313 286 1372 ad
300 1315 471 1376 sacrificium
485 1316 689 1393 perficiendum
703 1335 768 1374 eum
783 1325 858 1375 tanto
872 1317 917 1374 sui
930 1315 1104 1376 discrimine.

297 1417 363 1471 119.
385 1416 479 1474 Missa
491 1414 527 1472 ad
541 1417 625 1474 breve
638 1426 748 1492 tempus
757 1417 926 1492 interrumpi
939 1425 1033 1492 potest
1045 1425 1077 1473 ut
1090 1416 1226 1474 morituro
1239 1414 1342 1474 dentur

253 1497 429 1573 sacramenta
448 1517 619 1574 necessaria.
662 1515 774 1573 Oonoio
794 1516 877 1573 etiarn
898 1513 1075 1573 laudabiliter
1091 1533 1128 1573 ex
1148 1515 1343 1575 vetustissimo

254 1629 333 1668 more
347 1623 412 1689 post
429 1615 622 1692 Evangelium
639 1614 767 1683 habetur,
782 1625 810 1673 et
823 1615 1058 1672 commendantur
1069 1613 1196 1672 fidelium
1210 1616 1342 1690 precibus

256 1705 452 1772 defunctorum
478 1716 590 1782 animae,
617 1721 646 1772 et
670 1714 886 1772 annunciantur
899 1713 972 1771 festa
991 1723 1020 1771 et
1037 1715 1156 1791 jejunia.
1199 1712 1343 1774 Caeterum

255 1811 367 1869 vitanda
380 1821 445 1870 sunt
457 1815 553 1872 omnia
562 1832 624 1886 quae
632 1825 754 1890 possunt
763 1813 893 1871 sacrificii
907 1811 1034 1890 dignitati
1049 1812 1206 1881 detrahere,
1220 1811 1343 1890 ideoque

255 1927 377 1981 quaeres
398 1913 518 1970 amissas
538 1922 677 1989 spectant,
692 1913 738 1970 vel
758 1913 856 1970 saeculi
876 1913 1000 1989 negotia,
1014 1913 1082 1970 licet
1097 1930 1162 1970 curn
1183 1911 1343 1988 Religionis

255 2009 371 2068 utilitate
394 2012 571 2084 aliquatenus
595 2013 758 2090 conjuncta,
782 2030 841 2070 non
864 2021 931 2069 sunt
953 2011 1036 2070 facile
1059 2011 1254 2069 immiscenda.
1297 2009 1344 2068 Ob

255 2109 477 2169 confirmationis
498 2111 737 2170 ministrationem
758 2112 807 2168 vix
824 2109 1056 2188 interrumpeuda
1075 2121 1118 2168 est
1137 2111 1240 2179 Missa,
1255 2129 1344 2184 quum

253 2218 367 2286 praestet
380 2227 443 2268 eam
457 2219 538 2268 antea
551 2211 596 2268 vel
609 2221 709 2287 postea
721 2208 810 2269 dare..

295 2313 363 2366 120.
385 2307 444 2373 Qui
463 2307 618 2366 ordinarias
639 2310 740 2367 Missae
760 2317 854 2385 partes
875 2311 987 2378 omittit,
1002 2309 1113 2368 scilicet
1132 2310 1343 2368 consessionem

262 2408 293 2464 in
313 2407 455 2483 principio
475 2407 586 2475 Missae,
602 2408 773 2485 Epistolam,
791 2407 995 2484 Evangelium,
1008 2408 1141 2466 collectas
1153 2409 1344 2483 principales,

262 2491 450 2574 offertorium,
465 2505 671 2583 prefationem,
686 2507 853 2566 fractionem
866 2507 980 2576 hostiae,
995 2516 1023 2565 et
1033 2506 1109 2565 illius
1129 2507 1300 2564 mixtionem
1314 2507 1344 2565 in

255 2606 434 2683 sanguinem,
448 2613 549 2682 peccat
561 2607 724 2675 mortaliter,
735 2608 819 2684 juxta
839 2625 1022 2667 communem
1039 2607 1217 2664 sententiam.
1259 2604 1345 2673 Quod

253 2705 278 2762 si
292 2707 356 2778 quis
370 2723 407 2763 ex
421 2723 515 2763 errore
529 2704 612 2764 aliam
628 2724 681 2783 pro
694 2706 749 2764 alia
768 2707 917 2783 epistolam
938 2707 1154 2783 evangeliumve
1173 2705 1343 2775 recitaverit,

254 2821 311 2863 non
325 2804 410 2863 debet
429 2804 537 2862 omissa
555 2805 683 2874 recitare,
698 2824 734 2863 ne
748 2805 818 2864 ordo
838 2807 969 2864 sacrificii
990 2807 1132 2872 turbetur;
1153 2805 1235 2864 facile
1249 2815 1344 2864 autem

259 2921 339 2962 error
362 2903 410 2960 hic
438 2913 517 2961 vacat
542 2903 704 2980 culpa,ch
729 2906 846 2964 nonnisi
871 2899 992 2967 venialis
1015 2915 1068 2963 est.
1116 2904 1278 2981 Epistolanr
1299 2905 1346 2964 vel

255 3002 445 3079 Evangelium
464 3001 540 3059 haud
559 3005 677 3062 recitare
696 3005 829 3080 privatim
846 3004 875 3060 in
895 3003 988 3061 Missa
1008 3003 1141 3070 solemni,
1156 3022 1214 3061 non
1234 3003 1345 3062 videtur

255 3102 348 3178 gravis
362 3101 455 3178 eulpa,
471 3111 619 3162 cantantur
638 3104 776 3180 quippea
796 3100 970 3161 subdiacono
985 3111 1013 3159 et
1032 3101 1171 3168 diacon03
1194 3101 1243 3158 sed
1261 3103 1345 3178 culpa

260 3200 390 3274 quaedam
399 3210 452 3270 est,
464 3219 551 3273 quum
561 3202 687 3260 Robrica
696 3189 859 3280 praescribat
869 3200 1023 3260 celebranti
1033 3219 1066 3258 ea
1073 3199 1206 3276 privatim
1216 3200 1343 3259 recitare.

296 3306 363 3360 121.
384 3300 420 3358 In
439 3315 552 3360 canone
569 3300 637 3373 quid
657 3310 765 3361 mutare
792 3302 837 3359 vel
860 3303 989 3359 omittere
1009 3296 1149 3368 consultd,
1170 3299 1345 3377 gravisple·

253 3418 372 3473 rumque
387 3409 430 3457 est
442 3399 546 3476 culpa:
569 3409 613 3457 est
630 3401 707 3460 enim
722 3401 859 3459 solemnis
874 3401 999 3459 maxime
1020 3399 1108 3456 oratio
1122 3393 1244 3457 stritus.
1286 3399 1345 3465 Qui

253 3501 339 3578 igitur
358 3501 465 3558 omittit
484 3499 642 3572 quamlibet
666 3503 833 3567 orationem,
856 3499 900 3557 vel
921 3501 1006 3558 verba
1032 3507 1130 3566 mutat,
1151 3516 1216 3556 cum
1243 3516 1344 3557 sensus

253 3598 432 3667 detrimento,
446 3601 568 3676 graviter
580 3609 689 3675 peccat.
730 3601 811 3659 Idem
826 3599 977 3658 dicendum
992 3599 1027 3657 de
1041 3599 1196 3656 omissione
1210 3599 1345 3658 orationis

255 3698 427 3768 Dominicae‚
442 3698 488 3755 vel
508 3697 621 3776 Agnus
635 3698 705 3768 Dei,
720 3701 766 3759 vel
786 3699 898 3758 Libero
910 3719 976 3767 noe,
992 3697 1037 3756 vel
1057 3695 1188 3758 Domine
1201 3717 1263 3759 non
1276 3717 1344 3759 atam

257 3797 383 3874 dignus,
407 3797 451 3856 vel
478 3796 561 3868 Quid
581 3798 757 3868 retribuam,
779 3799 825 3858 vel
848 3801 998 3858 nominum
1019 3797 1142 3875 plurium
1169 3809 1343 3859 sanctorum.

258 3895 316 3962 Qui
331 3897 434 3956 omittit
447 3898 596 3974 purificare
610 3907 742 3974 patenam
753 3906 782 3956 et
794 3899 911 3958 calicem
926 3901 1046 3976 graviter
1059 3907 1167 3973 peccat.
1203 3929 1205 3935 ·
1255 3935 1260 3939 -

300 3998 367 4055 122.
388 3996 446 4063 Qui
459 3997 565 4056 omittit
577 3996 674 4078 Kyric
685 3997 794 4058 eleison
804 3997 914 4056 videtur
927 3996 1043 4057 nonnisi
1057 3997 1203 4054 venialiter
1215 4010 1344 4070 peecare,

257 4094 314 4152 nisi
334 4079 502 4154 scandalum
522 4097 663 4172 praebeat:
691 4098 728 4156 ob
748 4097 825 4171 quod
846 4082 930 4156 etiarn
951 4095 1033 4154 facile
1053 4104 1186 4170 peccatur
1211 4091 1344 4168 graviter,

255 4195 414 4255 omittendo
428 4195 590 4272 Evangelio
604 4197 636 4254 S.
650 4195 669 4254 J
671 4197 770 4254 oannis
783 4196 837 4254 sub
849 4197 947 4263 finem,
963 4193 1092 4266 quamvis
1107 4209 1159 4268 per
1171 4209 1203 4248 se
1215 4191 1279 4248 leve
1295 4191 1342 4248 sit.

255 4293 377 4354 Veniale
391 4303 436 4352 est
449 4293 578 4354 omittere
592 4295 741 4356 Psalmum
761 4275 883 4362 mirica,
898 4293 944 4351 vel
956 4309 1042 4350 unam
1056 4308 1093 4348 ex
1111 4290 1200 4350 tribus
1214 4288 1345 4350 collectis

254 4394 472 4473 principalibus,
486 4394 532 4452 vel
545 4393 613 4452 alias
626 4394 759 4452 collectas
773 4391 924 4470 principali
938 4389 1073 4466 adjectas.

539 4554 582 4624 (ι)
602 4551 702 4604 ursus
714 4513 1044 4602 commeassem-xia.
