3124 5168
403 539 460 600 DE
481 537 789 604 MmtsTRtNms
810 535 1123 598 SAGRAMENTIS.
1272 541 1308 597 17

218 709 313 788 dignis
326 707 477 784 diligenter
488 699 659 780 inquirat,’'1
678 714 708 764 et
728 707 793 774 “ei‚
815 706 862 764 cui
881 721 1016 764 ascensus
1030 703 1065 762 ad
1078 721 1176 764 sacros
1191 701 1306 762 ordines

219 827 308 868 aeuo
327 807 450 884 prelato,
470 823 508 864 ex
534 823 717 878 quacumque
741 821 836 873 causa,
860 805 945 863 etiarn
971 804 1009 862 ob
1028 801 1170 862 occultum
1195 803 1306 862 crimen

216 904 441 982 quomodolibet,
468 904 553 963 etiam
585 903 845 982 extrajudicialiter,
879 903 963 962 fuerit
995 901 1193 970 interdictus,'’
1228 901 1307 961 nulla

218 1006 329 1065 licentia
355 1004 420 1062 “de
446 1021 478 1061 se
503 1005 667 1080 promoveri
692 994 861 1062 faciendo”²
885 1001 1065 1079 suffragatur.
1107 1002 1172 1060 Nec
1196 1009 1305 1059 tenetur

218 1107 369 1182 episcopus
396 1121 509 1161 causam
535 1103 736 1180 prohibitionis
757 1101 897 1179 detegere,
925 1101 982 1159 nisi
1002 1100 1124 1159 Summo
1147 1092 1307 1159 Ροιιιίίὶιί.3

218 1204 358 1280 Indignus
372 1210 477 1270 autem,
491 1199 538 1259 vel
550 1203 650 1262 saltem
663 1202 740 1260 haud
754 1201 846 1260 adhuc
859 1200 990 1266 idoneus,
1005 1200 1174 1276 plerumque
1187 1216 1306 1257 censen·

219 1302 272 1362 dus
286 1312 339 1371 est,
354 1301 529 1378 qui'peocati
541 1301 747 1360 consuetudine
767 1301 890 1358 irretitus
902 1300 1041 1357 hactenus
1053 1299 1188 1365 noscitur,
1209 1314 1308 1369 quarn·

218 1404 263 1460 vis
278 1403 405 1460 animum
419 1401 606 1478 poenitentem
620 1400 798 1476 praeselemtt
813 1417 866 1456 nec
877 1399 954 1456 enim
968 1405 1045 1455 tanto
1058 1396 1176 1473 ponderi
1190 1394 1308 1454 serendo

112 1519 116 1524 ·
219 1501 399 1579 parvidetur.
422 1499 502 1557 Hinc
515 1501 600 1558 etiam
614 1498 805 1557 confessarius
816 1497 934 1555 debetei
942 1496 1080 1572 denegare
1091 1495 1306 1562 absolutionem,

221 1601 247 1658 si
261 1593 319 1657 snae
333 1598 502 1656 infirmitatis
522 1597 673 1656 immemor
691 1599 759 1656 velit
784 1597 877 1656 statim
898 1595 1011 1655 ordines
1032 1613 1129 1654 sacros
1149 1595 1306 1671 suscipere,

221 1717 288 1757 oum
304 1705 382 1756 tanto
396 1697 441 1754 sni
455 1705 483 1754 et
496 1695 616 1755 aliorum
628 1697 808 1764 discrimine;
829 1696 985 1772 presertim
999 1696 1025 1753 si
1039 1713 1135 1754 curam
1149 1694 1309 1752 animarum

221 1794 325 1856 deinde
339 1804 520 1872 suscepturus
538 1789 601 1852 sit.⁴

259 1900 309 1954 35.
334 1894 520 1955 Matrimonio
546 1902 578 1951 ut
601 1897 686 1955 liceat
706 1895 827 1964 adstare,
855 1894 998 1970 parochus
1024 1892 1108 1954 debet
1135 1907 1308 1969 cognoscere

220 1996 361 2072 imprimis
374 2002 469 2053 utrum
487 1993 526 2050 sit
544 1991 658 2067 aliquod
671 1995 841 2054 canonicum
856 1993 1103 2069 impedimentum,
1117 1996 1200 2067 prout
1213 1997 1310 2048 monet

221 2094 345 2163 Rituale,
360 2101 388 2151 et
400 2110 436 2150 an
450 2099 598 2162 “uterque
619 2094 690 2150 sciat
709 2093 867 2151 mdimenta
886 2090 963 2160 fidei,
985 2109 1051 2150 cum
1071 2109 1105 2148 ea
1118 2088 1220 2148 deinde
1234 2088 1309 2147 filios

221 2211 289 2252 suos
303 2192 404 2251 dooere
417 2188 570 2248 debeant.'’
613 2191 857 2251 Proclamationes
877 2209 935 2249 non
954 2207 1019 2249 esse
1039 2189 1193 2258 faciendas,
1209 2187 1310 2252 donec,

224 2291 357 2350 examine
382 2290 521 2356 instituto,
543 2298 653 2347 constet
671 2307 720 2347 eas
742 2290 811 2348 fidei
832 2289 993 2347 rudimenta
1018 2287 1130 2356 callere,
1157 2287 1253 2345 statuit
1279 2285 1311 2342 S.

227 2388 425 2465 Congregatio
446 2379 599 2453 Concilii‚⁵
614 2388 750 2462 probante
771 2387 921 2443 Clemente
931 2377 1088 2456 Xl.⁶quod
1098 2384 1316 2444 etoonfirmavit

225 2486 398 2546 Benedictus
412 2475 515 2544 XIV.⁷
557 2483 725 2543 Curandum
738 2484 846 2543 idcirco
857 2484 975 2543 omnino
986 2490 1068 2540 estut
1081 2501 1114 2540 ea
1126 2482 1312 2540 edoceantur:

223 2595 356 2646 caeterum
388 2586 418 2643 in
451 2583 603 2662 mancipiis
636 2583 755 2656 aliisque
788 2583 904 2642 humilis
938 2580 1119 2649 conditionis,
1153 2590 1181 2640 et
1206 2581 1313 2658 ingenii

201 2737 204 2752 ,
224 2686 387 2753 hebetioris
403 2702 460 2744 non
474 2703 507 2741 ea
521 2703 584 2757 quae
595 2685 626 2741 in
639 2683 702 2740 aliis
713 2684 865 2756 requiritur
878 2681 1045 2760 disciplina;
1066 2690 1095 2738 et
1107 2680 1143 2740 ob
1154 2681 1313 2760 periculum

225 2783 406 2861 confugiendi
419 2783 454 2842 ad
467 2801 615 2859 praeoones
628 2782 785 2850 haereticos,
800 2801 858 2841 non
870 2782 954 2840 facile
967 2780 1125 2858 repellendi
1138 2789 1205 2839 sunt
1218 2781 1247 2839 in
1259 2780 1313 2838 hac

226 2885 342 2960 regione
366 2884 415 2955 qui
436 2882 530 2942 minus
551 2883 681 2941 instructi
700 2882 885 2957 reperiuntur,
907 2900 995 2954 quum
1010 2889 1038 2938 et
1050 2899 1144 2938 rerum
1158 2880 1314 2938 necessitas

227 2983 312 3042 faeiat
335 2990 367 3039 ut
391 2981 476 3039 etiam
498 2981 624 3039 haeretici
644 2999 710 3038 cum
737 2978 907 3046 Catholicis,
933 2997 971 3036 ex
996 2979 1220 3055 dispensatione,
1248 2995 1315 3036 con·

224 3085 388 3160 jungantur.

267 3184 316 3239 ³6.
338 3180 539 3238 Peccatoribus
553 3179 673 3242 occultis
697 3179 746 3252 qui
766 3179 860 3254 palam
880 3198 897 3236 a
916 3175 1043 3254 parocho
1057 3183 1156 3252 petunt
1175 3181 1316 3233 uteorum

229 3278 320 3337 adstet
338 3279 455 3354 nuptiis,
478 3281 659 3355 praesentiam
680 3280 743 3356 ejus
765 3295 823 3336 non
846 3275 1042 3355 denegandam
1062 3274 1223 3334 communis
1238 3273 1317 3332 theo·

229 3376 360 3454 logorum
375 3377 514 3435 sententia
527 3387 579 3445 est,
595 3385 664 3434 teste
679 3377 711 3434 S.
726 3371 900 3453 Αἰριιοιιιο.8
941 3375 1026 3443 Quod
1047 3377 1071 3432 si
1093 3375 1200 3451 publici
1218 3393 1317 3452 pecca·

230 3487 316 3544 tores,
344 3476 444 3550 quales
477 3495 565 3554 supra
590 3476 804 3553 descripsimus,
838 3475 866 3532 id
899 3483 1003 3550 petant,
1030 3483 1117 3550 negat
1141 3475 1182 3530 eis
1208 3491 1318 3531 morem

230 3575 397 3655 gerendum,
423 3595 500 3645 nam,
529 3575 647 3635 docente
674 3575 832 3634 Benedioto
857 3574 942 3633 XIV.
966 3571 1108 3652 parochus
1135 3571 1194 3630 “in
1222 3572 1318 3632 multis

230 3687 410 3754 eomparatur
423 3677 564 3744 ministro,
584 3693 638 3733 nec
656 3674 732 3732 licite
752 3693 806 3733 sua
824 3667 976 3751 praesentia
998 3675 1111 3732 firmare
1134 3681 1229 3750 potest
1251 3691 1318 3731 oon·

231 3785 359 3844 tractum,
380 3783 469 3848 quem
485 3776 583 3833 'scita
608 3774 839 3832 contrahentibus
859 3773 996 3851 sacrilege
1016 3764 1132 3833 iniri.”⁹
1172 3770 1319 3830 Oaeterum

234 3882 321 3945 quum
347 3876 378 3932 in
402 3874 566 3952 regionibus
592 3873 695 3932 nostris
721 3892 780 3933 non
800 3874 893 3950 vigeat
918 3873 1069 3949 disciplina
1089 3869 1261 3930 Tridentino
1286 3866 1321 3924 de

271 4075 313 4141 (l)
333 4071 400 4123 Trid.
412 4073 476 4124 Sess.
487 4075 556 4125 xxiii.
569 4091 590 4124 c.
601 4091 624 4124 v.
636 4075 665 4126 de
677 4075 734 4145 Res.
821 4077 864 4144 (2)
882 4076 983 4137 Ibidem,
995 4075 1059 4125 Sese.
1070 4074 1120 4123 xiv.
1132 4087 1153 4120 c.
1164 4071 1181 4119 i.
1192 4068 1221 4120 de
1234 4065 1290 4134 Res.

271 4160 313 4225 (³)
331 4158 360 4207 S.
373 4157 467 4208 Concil.
478 4158 564 4210 declar.
577 4163 607 4209 21
625 4159 707 4210 Martii
720 4159 792 4221 1634,
803 4165 828 4210 st
839 4164 868 4208 21
882 4160 974 4224 Aprilis
995 4161 1066 4216 1668,
1082 4161 1107 4204 et
1127 4155 1189 4203 Bon.
1209 4151 1280 4201 XIV.
1295 4150 1326 4208 ds

236 4243 297 4307 Syn.
308 4244 323 4295 l.
335 4242 378 4292 xit.
388 4259 409 4292 c.
421 4242 470 4292 viii.
481 4259 506 4292 n.
519 4247 542 4305 3,
551 4247 575 4295 4.
828 4245 870 4310 (4)
890 4244 953 4293 Vide
965 4244 991 4291 S.
1002 4241 1077 4304 Alph.
1087 4239 1103 4287 l·
1115 4238 1146 4288 vi.
1157 4253 1182 4288 ιι.
1195 4241 1234 4294 64,

270 4329 313 4396 (b)
333 4329 383 4377 An.
396 4328 470 4378 1677.
827 4328 869 4392 (6)
889 4325 954 4374 Bull.
966 4329 989 4383 ς.
1000 4324 1034 4372 xi.
1046 4329 1063 4370 t
1077 4323 1099 4374 l.

274 4414 316 4479 (7)
334 4412 386 4463 xlii.
397 4412 425 4463 in
435 4427 480 4463 suo
494 4411 585 4462 Bullar.
597 4416 620 4472 §.
631 4413 665 4463 xi.
677 4417 695 4460 t.
707 4414 729 4458 1.
827 4410 870 4474 (Β)
890 4407 920 4456 L.
931 4407 963 4455 ri.
974 4422 999 4456 ιι.
1011 4408 1051 4460 54.

243 4488 249 4500 ”
589 4497 632 4563 (ι)
652 4491 979 4556 θωμινιιιιιιιι,
1025 4477 1028 4482 ’

760 4575 778 4636 3
789 4573 807 4608 a
