3172 5172
260 557 316 614 roe
455 553 512 614 ns
533 550 646 614 uoco
667 553 714 616 ΙΝ
735 551 821 622 ouo
842 537 1143 616 ostensurus.

255 721 438 779 celebrarent.
481 721 628 795 Equidem
641 720 678 779 de
699 721 828 780 ecclesiis
851 721 985 798 agebatur
1004 741 1066 796 quae
1090 722 1256 782 solemniter
1276 741 1342 781 con·

256 828 371 878 secratae
385 819 504 889 fuerant,
514 821 593 879 altari
606 820 641 879 ad
654 820 785 880 sacrificii
798 820 1016 880 celebrationem
1027 822 1058 880 in
1070 821 1106 880 iis
1119 830 1224 881 erecto.
1257 821 1343 899 Apud

255 919 401 979 nosnullo
420 929 465 978 est
483 921 556 979 inter
575 919 722 980 haereticos
742 920 863 979 ecclesia
882 929 1055 990 consecratu,
1070 923 1200 995 quamvis
1222 921 1344 998 Episco-

255 1018 335 1095 paler
345 1020 401 1080 ritu
414 1019 537 1092 quodam
550 1029 579 1078 et
590 1020 723 1097 precibus
736 1018 831 1079 dicent
843 1039 910 1078 suas
924 1018 1010 1089 seder,
1025 1029 1052 1078 et
1064 1039 1192 1079 mensam
1209 1021 1342 1086 habeant,

255 1135 341 1191 quam
362 1119 454 1177 altaris
474 1119 590 1178 nornine
610 1120 639 1178 in
658 1119 723 1178 loco
737 1119 878 1196 superiori
898 1119 1028 1178 nonnulli
1043 1121 1116 1197 jem,
1131 1120 1233 1178 veteris
1253 1120 1342 1178 moris

256 1217 361 1286 emuli,
372 1218 493 1294 erigunt.
535 1218 570 1276 ln
587 1218 663 1290 nulla
676 1227 770 1277 autem
790 1218 913 1277 ecclesis
924 1219 1131 1288 hereticorum,
1145 1219 1191 1276 vel
1205 1219 1343 1278 schisma·

255 1316 385 1388 ticorurn,
406 1316 606 1376 celebrandum
632 1327 774 1394 putamus,
796 1335 883 1390 quum
909 1316 939 1376 id
958 1318 1007 1376 vix
1027 1319 1089 1376 fieri
1111 1320 1212 1395 poerit,
1232 1325 1343 1376 servata

255 1414 395 1475 sacrificio
408 1417 576 1486 reverentia,
591 1424 620 1475 et
638 1418 669 1475 in
682 1417 801 1475 haeresis
821 1417 1009 1494 patrocinium
1030 1417 1130 1476 cedere
1149 1417 1251 1495 possit,
1266 1414 1344 1489 quod

256 1524 333 1573 tanto
347 1533 466 1574 munere
480 1516 594 1593 dignata
607 1517 653 1575 sit.
687 1516 776 1594 Igitur
789 1516 814 1574 si
823 1515 944 1574 ecclesie
954 1517 1093 1608 catholica
1101 1515 1183 1585 desit,
1194 1518 1224 1575 in
1235 1514 1343 1574 aedibus

257 1615 376 1690 privatis
404 1616 546 1674 celebrare
567 1624 698 1692 praestat:
725 1615 802 1690 quod
824 1615 850 1673 si
868 1616 949 1674 locus
971 1615 1146 1675 desideretur
1165 1615 1296 1694 amplior,
1310 1614 1346 1672 oh

255 1711 382 1773 fidelium
396 1713 617 1797 multitudinem,
631 1715 695 1773 aula
707 1715 829 1792 publica,
843 1733 894 1773 sen
908 1716 996 1784 curia,
1011 1734 1062 1774 seu
1084 1715 1192 1784 schola,
1207 1716 1248 1774 uti
1261 1732 1344 1792 opor·

256 1813 339 1870 tebit:
361 1815 479 1873 minime
505 1812 572 1872 verb
605 1813 723 1883 theatro,
750 1814 918 1872 Liberorum
951 1815 1130 1873 Muratorum
1156 1814 1273 1882 aedibus,
1300 1812 1345 1870 vel

255 1912 387 1972 cubiculo
401 1913 550 1972 diversorii
561 1913 591 1972 in
605 1932 661 1986 quo
675 1913 785 1971 choreae
799 1912 898 1970 haberi
911 1913 1013 1971 solent.

296 2015 345 2070 89.
368 2012 502 2072 Graviter
513 2021 611 2089 peccat
624 2013 673 2085 qui
685 2013 808 2071 Missam
830 2012 956 2070 celebrat
974 2012 1004 2069 in
1026 2011 1146 2069 ecclesia
1165 2010 1284 2088 polluta,
1299 2010 1345 2068 vel

256 2111 413 2180 interdicte,
428 2113 473 2170 vel
486 2093 642 2180 exsecrata,
665 2129 752 2184 quum
773 2112 809 2169 ob
829 2111 898 2169 tanti
921 2110 1053 2169 sacrificii
1074 2112 1262 2169 reverentiam
1282 2110 1345 2187 lege

170 2225 172 2232 ’
256 2211 450 2268 ecclesiastica
462 2219 589 2269 vetetur:
616 2210 667 2268 sed
677 2210 783 2268 nullam
798 2209 939 2268 contrahit
952 2228 1112 2269 censuram.
1154 2210 1287 2268 Ecclesia
1300 2228 1347 2268 au-

256 2320 312 2368 tem
327 2310 417 2388 pollui
437 2319 569 2369 censetur
589 2309 713 2369 violenta
725 2309 873 2386 sauguinis
886 2309 1009 2368 humaui
1018 2302 1185 2378 effusione,¹
1199 2309 1290 2384 qualis
1303 2318 1346 2367 est

256 2411 334 2488 grari
360 2410 477 2469 vulnere
497 2409 616 2476 inflicto,
640 2408 691 2467 sed
710 2409 759 2467 vix
779 2408 915 2484 polluitur
934 2409 1073 2487 sauguine
1094 2426 1110 2467 e
1132 2409 1257 2479 naribus,
1281 2409 1347 2467 licet

256 2527 365 2588 pugno,
379 2518 515 2569 extracto.
557 2508 698 2569 Polluitur
710 2507 867 2567 homicidio
880 2507 1039 2569 voluntario
1058 2517 1088 2566 et
1100 2501 1268 2587 injurioso,²
1279 2509 1346 2567 licet

257 2609 374 2686 sanguis
388 2609 465 2669 haud
487 2607 629 2678 fundatur,
652 2609 694 2667 uti
716 2608 743 2666 si
762 2607 826 2680 quis
849 2609 1054 2686 stranguletur:
1075 2624 1133 2665 non
1146 2617 1241 2666 autem
1254 2607 1346 2668 homi·

258 2707 342 2778 cidio
356 2709 434 2782 quod
458 2716 535 2766 caret
557 2707 651 2785 culpa,
672 2727 706 2766 v:
722 2727 757 2784 g:
780 2705 857 2779 quod
877 2707 927 2765 fiat
946 2727 962 2765 a
982 2716 1077 2765 mente
1098 2716 1190 2783 capto.
1234 2706 1267 2765 Si
1280 2707 1345 2779 quis

256 2790 419 2865 vulneratus
452 2807 543 2884 lugiet
574 2806 611 2865 ed
642 2807 804 2875 ecclesiam,
834 2805 940 2878 ibique,
964 2805 1058 2884 »copie
1090 2805 1239 2883 sanguinis
1271 2805 1345 2873 susa,

257 2906 403 2974 morietur,
427 2924 485 2965 non
505 2905 641 2982 polluitur
661 2905 792 2972 ecclesia,
813 2905 880 2977 quia
900 2906 1003 2964 vulnus
1023 2905 1053 2964 in
1073 2923 1108 2963 ea
1120 2914 1269 2982 acceptum
1289 2922 1348 2964 non

257 3015 318 3064 est:
339 3019 467 3093 econtra
488 3006 514 3063 si
536 3005 697 3064 vulneratus
711 3006 741 3063 in
754 3004 875 3088 ecclesie
895 3005 929 3062 ab
948 3005 1065 3072 homine
1077 3013 1157 3063 extra
1168 3007 1274 3082 posito,
1289 3004 1346 3063 telo

253 3109 341 3184 jacto,
367 3105 415 3164 sel
435 3106 584 3184 catapultae
607 3105 787 3182 explosicne‚
809 3104 885 3162 fores
907 3104 1042 3182 prodiens
1062 3105 1208 3173 moriatur,
1222 3104 1348 3163 ecclesia

258 3206 375 3264 habetur
388 3205 504 3282 pollute.
546 3205 674 3264 Seminis
696 3205 814 3262 humani
835 3204 991 3263 voluntaria
1010 3203 1163 3272 effusione,
1185 3204 1252 3262 licet
1277 3203 1346 3262 alias

258 3305 344 3370 licita,
357 3303 450 3376 qualis
465 3305 493 3362 in
508 3305 644 3382 conjugio
658 3313 711 3372 est,
726 3303 862 3380 polluitur
871 3303 1007 3363 ecclesia:
1030 3322 1096 3362 nam
1111 3305 1347 3382 “cujuscumque

258 3401 390 3465 semine”
412 3402 502 3480 pollui
524 3403 627 3464 dicitur
652 3405 683 3462 in
700 3399 810 3480 jure.³*
832 3401 892 3460 Sed
910 3421 1067 3476 numquam
1089 3404 1209 3462 habetur
1228 3403 1346 3480 polluta,

258 3504 313 3565 nisi
344 3502 449 3563 lactum
476 3505 513 3562 sit
538 3497 706 3564 nonnum!
755 3503 898 3561 Polluitur
929 3503 1074 3579 sepultura
1105 3503 1347 3561 excommunicati

258 3601 428 3660 nominatim
443 3599 625 3670 denuntiati,⁵
644 3609 808 3661 nouantem
831 3603 978 3678 sepultura
1001 3600 1126 3663 heretici
1147 3601 1267 3667 tolerati,
1285 3618 1348 3672 quae

258 3709 351 3758 tamen
366 3683 569 3778 vetaturetiam
583 3700 636 3759 sub
649 3700 957 3760 excommunicationis
971 3719 1065 3777 prena,
1081 3708 1100 3735 ‘⁴
1109 3717 1200 3773 usque
1214 3698 1251 3757 ad
1264 3701 1346 3758 satis·

257 3798 409 3859 sectionem
422 3790 606 3858 idoneam.'’⁶
646 3799 717 3858 Mos
736 3799 821 3876 igitur
843 3801 892 3872 qui
913 3799 1016 3867 alicubi
1028 3800 1158 3861 inductus
1181 3808 1224 3860 est
1236 3785 1347 3859 hereti·

258 3917 357 3958 corum
371 3895 507 3956 cadavera
527 3899 557 3958 in
580 3897 683 3958 eodem
697 3898 806 3958 tumido
819 3918 884 3958 cum
898 3899 1046 3960 catholicis
1060 3900 1116 3961 sibi
1129 3901 1268 3978 sanguine
1282 3918 1347 3958 con·

253 4002 363 4078 junctis
384 3998 552 4076 sepeliendi,
559 4000 619 4077 juri
639 3999 780 4058 canonico
799 3993 883 4077 plane
904 3998 1039 4058 adversus
1060 4008 1113 4069 est,
1128 4008 1157 4058 et
1169 4011 1346 4076 quantocyus

258 4098 464 4160 emendandus.
506 4099 649 4159 Polluitur
673 4117 724 4177 per
749 4099 925 4177 sepulturam
951 4098 1078 4159 infidelis,
1101 4119 1160 4158 non
1182 4091 1348 4177 baptizati:⁷

295 4271 338 4332 (t)
359 4268 389 4317 G.
400 4283 443 4318 xx.
454 4267 484 4320 de
495 4283 598 4320 consecr.
609 4267 664 4317 dist
678 4270 699 4317 1.
835 4269 878 4334 (2)
898 4265 959 4332 Cap.
971 4267 1003 4316 iv.
1013 4266 1043 4319 de
1055 4283 1158 4320 consecr.

295 4351 698 4418 (manuducerentur.
833 4353 876 4420 (4)
896 4351 922 4400 S.
934 4352 1115 4417 Alph.l.vi.n.
1127 4351 1184 4400 364.

231 4463 233 4468 ,
294 4439 336 4504 (5)
356 4436 470 4500 Ceprii.
482 4437 624 4490 dewmecr.
636 4437 728 4491 Eccles-
825 4439 868 4506 (6)
887 4436 973 4487 Titii.
985 4432 1313 4502 caperetur-attelane.

519 4525 561 4589 (7)
581 4523 612 4573 G.
623 4524 699 4575 xxvii
709 4530 734 4574 et
744 4522 829 4574 xxviii.
840 4521 870 4573 de
880 4533 987 4574 consecr.
997 4521 1053 4573 diat.
1066 4524 1088 4572 l.
