3108 5162
280 553 339 612 304
546 547 602 607 DE
625 545 799 606 NATURA
820 544 1091 607 MATRIMONll.

279 713 433 796 probabilis
452 714 569 773 suadeat
588 715 798 774 matrimonium
818 731 883 771 esse
902 712 1023 782 nullum,
1045 733 1096 773 nec
1115 713 1224 771 ullum
1254 712 1386 770 habeatur

281 822 476 893 argumentum
498 813 574 887 quod
592 814 692 882 valeat,
706 812 849 889 disputant
867 810 935 870 hinc
958 811 1024 871 inde
1046 812 1180 888 theologi
1203 821 1308 870 utrum
1326 820 1386 886 post
1476 879 1479 884 Δ

281 913 454 992 diligentiam
468 912 570 971 frustra
589 912 753 980 adhibitam,
767 912 851 971 liceat
863 920 922 968 tum
936 921 1042 988 petere,
1056 921 1115 970 tum
1137 909 1286 968 reddere.
1335 909 1386 974 Qui

283 1013 435 1080 affirmant,
447 1012 545 1071 dicunt
557 1011 730 1070 dubitantem
744 1028 831 1087 posse
844 1019 948 1068 certam
960 1011 1015 1069 sibi
1029 1012 1249 1070 conscientiam
1264 1009 1385 1074 efficere,

283 1131 319 1172 eo
339 1113 439 1172 nixum
460 1112 611 1189 principio,
627 1110 705 1183 quod
718 1111 877 1187 nemojure
892 1109 1035 1169 bonafide
1055 1111 1207 1182 acquisito
1230 1107 1385 1186 privandus

283 1214 329 1280 sit,
344 1213 400 1272 nisi
420 1223 496 1268 certo
516 1209 647 1285 probetur
666 1208 742 1282 quod
763 1209 871 1268 nullum
887 1210 938 1285 jus
959 1209 1069 1268 habeat.
1111 1209 1208 1276 Quod
1231 1210 1260 1267 si
1282 1207 1387 1284 conjux

282 1311 414 1370 dubitans
427 1307 526 1366 habeat
537 1308 661 1367 rationes
676 1309 714 1366 ita
733 1309 932 1366 convincentes
946 1307 981 1365 de
995 1309 1119 1367 nullitate
1140 1307 1342 1372 matrimonii,
1356 1313 1385 1361 ut

281 1406 400 1467 fundent
418 1405 453 1465 ds
480 1426 514 1465 ea
538 1410 676 1466 moralem
702 1406 908 1476 certitudinem,
930 1416 996 1466 tunc
1021 1417 1096 1466 certe
1117 1426 1174 1466 nec
1198 1419 1315 1483 petere,
1335 1421 1385 1462 nec

281 1505 397 1566 reddere
420 1514 521 1584 potest.
575 1506 648 1566 Item
672 1516 745 1564 recte
766 1505 884 1564 advertit
903 1505 995 1565 Croix
1010 1549 1017 1564 .
1033 1549 1041 1566 .
1058 1548 1066 1564 .
1081 1506 1161 1579 quod
1183 1507 1338 1573 dubitans,
1360 1502 1382 1558 si

282 1605 374 1664 adhuc
387 1625 467 1682 spem
482 1606 651 1682 prudentem
664 1606 747 1663 habet
760 1605 924 1665 inveniendi
936 1608 1072 1684 majorem
1084 1605 1309 1672 certitudinem,
1320 1613 1382 1660 tunc

281 1705 380 1777 nequit
394 1716 498 1782 petere,
514 1706 590 1777 quia,
604 1723 668 1763 cum
689 1703 805 1763 dubium
820 1705 911 1763 adhuc
925 1717 969 1764 est
988 1705 1131 1774 vincibile,
1145 1725 1212 1764 non
1234 1700 1381 1781 potestati

278 1805 344 1882 jure
358 1797 521 1882 petendi.’'¹

321 1908 371 1962 55.
393 1904 426 1964 Si
440 1905 504 1977 quis
518 1904 621 1962 dubius
631 1904 667 1962 de
680 1902 885 1981 impedimento
905 1905 1077 1963 contraxerit
1097 1904 1333 1968 matrimonium,
1351 1907 1377 1955 et

283 2001 420 2083 deinceps
434 2004 514 2062 omni
528 2003 652 2062 adhibita
664 2002 819 2078 diligentia,
828 2003 905 2062 haud
919 2006 1040 2081 potuerit
1051 2005 1093 2061 rei
1106 2005 1264 2062 veritatem
1278 2001 1378 2059 habere
1408 2003 1409 2006 ’
1508 2028 1510 2036 1

283 2101 469 2176 exploratam,
497 2102 625 2161 nonnulli
645 2102 743 2160 dicunt
761 2120 827 2159 eum
848 2121 933 2178 posse
950 2103 1014 2179 jure
1034 2103 1148 2180 petendi
1168 2105 1234 2162 uti:
1265 2100 1331 2176 quia
1349 2097 1376 2154 in

283 2198 370 2257 dubio
383 2198 513 2259 standum
524 2209 568 2257 est
580 2218 631 2276 pro
645 2200 740 2259 valore
754 2194 859 2269 actus,2
871 2209 899 2258 et
915 2201 1094 2260 matrimonio
1108 2201 1270 2261 favendum
1285 2208 1337 2266 est,
1351 2203 1377 2252 et

283 2296 337 2356 sori
350 2297 450 2356 interni
466 2298 609 2377 judicium
629 2300 682 2358 hac
703 2301 732 2358 in
753 2318 783 2357 re
804 2319 870 2358 cum
890 2309 1007 2359 externo
1031 2301 1207 2360 concordare
1232 2300 1327 2365 debet,
1346 2296 1374 2353 iu

284 2415 342 2470 quo
355 2417 408 2476 pro
421 2398 515 2458 valore
530 2399 702 2459 matrimonii
715 2399 747 2457 fit
759 2401 909 2458 sententia.

323 2501 372 2557 56.
394 2497 429 2558 ln
442 2497 528 2558 dubio
541 2499 664 2576 positivo
682 2499 716 2557 de
737 2498 831 2557 valore
851 2497 1032 2566 matrimonii,
1053 2517 1108 2556 ex:
1130 2519 1168 2577 g:
1189 2502 1218 2558 si
1239 2497 1373 2556 dubitetur

283 2593 318 2654 ds
329 2597 542 2674 impedimento,
554 2599 600 2655 vel
610 2598 645 2656 de
653 2616 796 2656 consensu
810 2597 946 2674 praestito,
950 2595 1136 2673 judicandum
1150 2600 1234 2658 estin
1249 2598 1372 2656 favorem

282 2695 458 2754 matrimonii
471 2696 614 2763 contracti,
630 2697 696 2767 quia
709 2705 786 2752 actus
810 2713 924 2773 semper
945 2695 1093 2755 habendus
1113 2707 1157 2756 est
1176 2697 1300 2763 validus,
1318 2688 1370 2750 nisi

283 2794 454 2853 contrarium
468 2801 586 2850 constet.

321 2895 370 2950 st.
394 2889 567 2962 Plerumque
581 2907 638 2948 non
653 2897 761 2949 tenetur
774 2891 881 2969 conjux
905 2892 983 2951 alteri
1004 2892 1090 2952 fidem
1111 2895 1248 2954 adhibere
1268 2899 1369 2972 protes·

284 2989 352 3048 tanti
375 3007 406 3048 se
429 2988 505 3048 haud
527 2989 692 3066 prestitisse
714 3009 900 3060 consensum,
922 2992 989 3050 licet
1011 2992 1041 3051 id
1059 2995 1169 3071 juratus
1193 2995 1288 3054 dicat:
1309 3005 1369 3048 nam

284 3098 303 3125 ‘⁸
316 3090 402 3150 nimis
416 3089 564 3168 indignum
576 3099 629 3158 est,
638 3099 669 3148 ut
677 3089 753 3165 quod
764 3092 886 3165 quisque
896 3109 947 3150 sua
955 3111 1025 3150 voce
1036 3101 1206 3168 protestatus
1217 3104 1272 3164 est,
1284 3090 1368 3150 valeat

282 3191 397 3268 proprio
411 3191 573 3250 testimonio
586 3181 778 3250 infirmare.”³
818 3188 878 3247 Sed
897 3191 926 3248 in
941 3191 1112 3268 specialibus
1125 3212 1218 3253 rerum
1233 3186 1367 3272 adjunctis

283 3307 347 3363 qum
361 3289 447 3348 fidem
461 3289 614 3348 conciliant
626 3290 753 3363 loquenti
766 3288 843 3347 credi
856 3298 958 3367 potest.

323 3391 371 3446 ts.
395 3387 506 3446 Rumor
518 3389 653 3457 incertus,
668 3388 712 3447 vel
727 3389 806 3447 nullo
820 3397 897 3448 certo
912 3399 981 3447 teste
1006 3390 1233 3460 commendatus,
1258 3393 1367 3450 nonest

280 3489 352 3546 ratio
365 3487 521 3556 sufficiens,
536 3507 587 3547 cur
600 3489 664 3560 quis
678 3507 694 3544 a
714 3489 894 3547 matrimonio
909 3489 1097 3547 abstineatur:
1119 3491 1171 3548 sed
1183 3492 1268 3549 unius
1289 3487 1361 3546 testis

281 3584 338 3641 lide
351 3584 430 3660 digni
444 3585 592 3644 affirmatio
606 3585 640 3643 de
654 3605 683 3643 re
698 3586 752 3643 sibi
775 3589 899 3665 cognita,
914 3597 958 3645 est
969 3591 1041 3648 ratio
1055 3589 1226 3662 inquirendi,
1241 3585 1365 3664 quamvis

282 3697 368 3738 nemo
381 3690 509 3739 teneatur
520 3685 569 3740 uni
584 3685 648 3741 testi
661 3682 784 3740 credere.

347 3858 389 3928 (l)
410 3856 436 3907 S.
451 3857 523 3924 Alph.
532 3858 548 3908 1.
559 3858 591 3908 vi.
602 3875 629 3909 n.
638 3861 700 3918 905.
889 3865 931 3930 (2)
951 3863 981 3913 L.
995 3865 1104 3925 Quoties,
1116 3865 1141 3916 ff.
1152 3865 1182 3917 de
1193 3865 1234 3917 reb
1246 3865 1303 3918 dut.

573 3947 615 4013 (³)
637 3946 666 3998 O.
679 3947 746 3998 Cum
758 3949 859 4010 anobis,
870 3949 899 4000 dc
912 3949 1015 4004 testibus
1026 3957 1049 4003 et
1060 3956 1140 4004 ultast.
