3108 5162
561 502 564 506 ’
600 502 742 564 CAPUT
762 502 945 562 UNIGUM.
1264 509 1319 564 281

234 669 352 729 facultas
367 687 428 738 ecs,
442 669 600 728 interstitiis
610 669 685 728 haud
699 670 829 737 servatis,
840 668 1028 746 suscipiendi.
1071 667 1205 735 Quando,
1217 668 1325 743 absque

235 769 289 827 hac
309 768 529 846 dispensatione,
544 767 659 826 ordines
682 786 779 826 sacros
800 769 864 842 quis
884 769 1006 844 suscipit
1026 766 1197 825 continuatis
1225 765 1326 827 diebus

236 877 315 926 extra
340 877 478 945 tempora,
505 869 624 926 incurrit
648 867 888 944 suspensionem
919 885 977 925 non
1005 884 1071 925 vcro
1097 865 1123 923 si
1149 867 1326 942 temporibus

237 967 347 1024 statutis
361 966 515 1035 ordinetur,
528 966 596 1024 licet
616 965 763 1024 interstitia
782 984 840 1024 non
859 975 969 1023 servet:
992 965 1043 1023 sed
1070 974 1171 1041 peccat
1190 966 1324 1042 graviter.

236 1073 256 1100 “
270 1065 327 1132 Qui
338 1065 441 1126 ,eadem
456 1065 502 1123 die
522 1067 681 1142 susciperet
694 1074 814 1139 quatuor
835 1063 950 1122 ordines
971 1064 1098 1122 minores
1111 1083 1168 1123 una
1181 1083 1248 1124 cum
1262 1067 1327 1124 sub-
1345 1069 1347 1074 ’

235 1164 384 1222 diaconatu
404 1165 490 1223 ctiam
514 1174 645 1240 peccaret
663 1163 795 1240 graviter,
809 1171 840 1220 ut
859 1164 979 1222 habetur
1005 1181 1042 1220 ex
1062 1181 1087 1219 c.
1111 1162 1152 1220 ΙΙ.
1166 1163 1202 1222 de
1222 1182 1254 1222 eo
1274 1165 1327 1242 qui

222 1261 366 1343 statice.-
388 1264 437 1321 ubi
457 1262 576 1331 dicitur;
599 1263 746 1329 ‘Quatuor
759 1263 885 1320 minores
905 1262 1020 1322 ordines
1040 1261 1196 1330 contulisti,
1224 1264 1326 1336 quibus

234 1380 292 1420 non
306 1371 454 1420 contentus
469 1361 704 1421 subdiaconatum
719 1359 803 1418 etiam
818 1363 966 1419 temerario
980 1380 1049 1419 ausu
1064 1360 1193 1438 recepit.’
1238 1362 1325 1420 Man·

235 1459 336 1518 damus
351 1470 488 1532 quatenus
509 1479 574 1518 cum
590 1463 620 1522 in
633 1460 791 1518 minoribus
813 1459 950 1518 duntaxat
971 1460 1111 1518 celebrare
1131 1457 1327 1537 permittas.'’¹

236 1557 296 1616 Sed
304 1559 329 1615 si
342 1558 444 1616 alicubi
458 1568 534 1618 esset
547 1557 723 1618 consuetudo
734 1557 966 1618 subdiaconatum
977 1558 1079 1617 eodem
1090 1558 1136 1617 dic
1145 1578 1203 1633 qno
1211 1559 1326 1618 ordines

236 1659 374 1725 minores,
401 1657 577 1726 conferendi,
604 1677 668 1717 eam
689 1657 822 1716 sustineri
848 1676 934 1735 posse
961 1657 1060 1716 censet
1087 1657 1119 1714 S.
1143 1658 1323 1736 Alphonsus.

235 1757 397 1831 Suspensio
424 1775 481 1816 non
503 1757 655 1816 incurritur
675 1776 692 1813 a
711 1755 887 1814 subdiacono
913 1757 954 1813 sic
980 1755 1118 1825 ordinato,
1140 1756 1191 1815 sed
1216 1760 1325 1833 absque

236 1855 449 1931 dispensatione
463 1857 562 1929 nequit
574 1855 609 1914 ad
619 1855 733 1916 ordines
747 1856 818 1913 alios
832 1856 1004 1933 promoveri.

274 1958 322 2012 38.
345 1953 390 2012 Dc
404 1955 533 2012 coelibatu
547 1975 563 2012 a
576 1957 665 2014 sacris
686 1954 823 2013 ministris
843 1953 984 2013 servando
1004 1953 1070 2012 alibi
1090 1955 1212 2031 egimus.
1247 1953 1326 2014 Con·

229 2054 311 2130 jugio
325 2053 427 2130 ligatus
441 2055 541 2127 nequit
554 2053 627 2112 hanc
641 2055 843 2130 obligationem
854 2072 1010 2123 assumere,
1020 2053 1082 2112 sine
1091 2053 1324 2122 licentiauxoris,

235 2171 298 2224 quac
320 2153 405 2210 etiam
433 2152 468 2210 ad
494 2155 615 2230 primam
641 2162 785 2211 tonsuram
805 2147 985 2226 requiritur.²
1026 2153 1192 2231 lrregularis
1218 2153 1251 2211 fit
1276 2155 1325 2226 qui

234 2251 341 2322 absque
355 2270 397 2318 ea,
411 2252 457 2309 vel
471 2251 591 2311 divortio
602 2252 739 2329 legitimo,
755 2251 907 2320 ordinatur,
916 2253 1027 2310 etiamsi
1042 2252 1253 2311 matrimonium
1267 2271 1325 2312 non

189 2353 195 2364 ’
234 2348 319 2406 fuerit
332 2361 570 2410 consummatum.
591 2351 676 2410 Uxor
689 2350 771 2408 debet
783 2352 938 2409 castitatem
952 2370 1066 2419 vovere,
1081 2360 1113 2409 ut
1124 2351 1209 2409 liceat
1221 2353 1324 2410 marito

235 2447 349 2506 ordines
376 2467 472 2507 sacros
495 2443 675 2528 suscipere2⁸
700 2449 752 2507 sed
772 2468 831 2509 non
850 2449 962 2508 videtur
986 2451 1076 2509 teneri
1097 2449 1132 2508 ad
1158 2450 1326 2526 religionem

234 2546 432 2623 profitendam,
447 2543 560 2607 nisi‘vir
570 2549 605 2608 ad
621 2549 820 2627 episcopatum
828 2541 1012 2618 assumatur,⁴
1025 2549 1070 2607 vel
1084 2549 1146 2627 ipsc
1156 2548 1325 2626 religionem
1362 2572 1368 2576 ’

234 2646 419 2724 ingrediatur.
461 2648 556 2708 Uxori
570 2648 633 2708 seni
645 2646 808 2726 indulgetur
821 2658 852 2707 ut
865 2658 978 2708 maneat
990 2650 1021 2707 in
1039 2648 1154 2718 saecnlo,
1169 2649 1326 2707 castitatem

235 2754 327 2805 tamen
343 2745 543 2823 promittenti.⁵
575 2749 648 2807 Post
665 2748 718 2806 viri
740 2758 861 2808 mortem
881 2757 991 2807 vetatur
1010 2748 1123 2808 mulieri
1146 2749 1260 2816 nubere,
1275 2748 1326 2807 sed

235 2847 339 2922 nuptiae
350 2846 455 2904 valent.

372 3049 415 3114 (1)
435 3047 510 3112 Apud
522 3048 548 3096 S.
560 3047 636 3113 Alph.
647 3049 663 3099 1.
674 3049 707 3099 vi.
717 3066 743 3100 n.
755 3053 813 3100 797.

372 3133 414 3199 (2)
433 3131 462 3182 C.
473 3133 516 3183 ult.
528 3132 558 3184 do
569 3137 644 3202 temp.
655 3133 707 3186 ord.
716 3135 743 3184 in
755 3137 778 3184 6.
787 3141 812 3184 et
822 3135 850 3184 in
860 3134 961 3186 Extrav.
973 3133 1103 3199 Antiquae,
1114 3131 1144 3183 de
1155 3123 1218 3186 volo,

374 3219 417 3285 (3)
437 3216 467 3266 0.
479 3219 638 3285 conjugatus,
649 3220 679 3269 dc
691 3237 798 3270 convers.
810 3222 907 3286 conjug.

373 3304 415 3369 (4)
436 3303 466 3354 O.
478 3304 544 3354 Sane
557 3307 580 3354 θ’.
588 3305 618 3354 de
628 3321 698 3355 conv.
708 3307 806 3372 conjug.

371 3389 414 3454 (t)
434 3386 465 3436 O.
478 3404 534 3438 cum
544 3389 585 3438 sis.
596 3391 620 3438 4.
633 3390 686 3440 eod.
697 3390 733 3440 tit
