3172 5172
588 552 646 613 ue
667 551 978 614 concessamus.
1239 521 1241 526 ’
1272 557 1328 614 rra

239 725 284 784 vel
298 722 400 782 falsam
413 728 558 780 monetam
580 719 715 789 cudendi,
729 719 860 789 declarat,
874 731 907 779 ut
919 739 990 794 quas
1009 721 1141 780 habuerit
1160 721 1224 798 ipsa
1236 732 1330 800 partes

241 824 409 883 innotescat.
440 819 543 878 Socius
567 821 732 880 commercii
745 820 839 896 prodit
851 819 975 888 fraudes,
990 839 1061 892 quas
1074 821 1137 899 ipse
1157 840 1223 880 cum
1249 823 1330 882 socio

242 923 418 999 emptoribus
441 920 519 987 fecit,
548 919 714 978 confessarii
734 921 920 978 aesdmatione
942 927 1024 977 autea
1048 921 1158 998 gaviso.
1201 921 1330 988 Quodsi

241 1019 450 1081 circumstantia
467 1020 562 1092 aliqua
575 1019 740 1087 omittenda,
752 1019 834 1077 famae
854 1021 953 1078 alienae
977 1021 1088 1078 consuli
1115 1029 1209 1093 queat,
1223 1023 1330 1098 gravis·

241 1123 314 1180 sima
327 1121 438 1178 videtur
451 1119 558 1177 silentii
571 1136 665 1186 causa,
680 1120 836 1194 prasertim
851 1117 919 1176 side
934 1120 1102 1176 necessitate
1117 1119 1192 1177 illius
1204 1121 1331 1197 aperien-

241 1219 283 1278 dae
297 1238 356 1279 non
365 1228 484 1277 constet.
527 1217 607 1275 Hinc
621 1219 670 1290 qui
684 1219 824 1276 incestum
839 1217 953 1277 admisit
966 1219 1046 1276 tertio
1059 1218 1105 1277 vel
1119 1227 1218 1291 quarto
1231 1220 1330 1296 gradu,

240 1337 297 1378 non
318 1328 362 1377 est
374 1317 566 1384 damnandus,
580 1318 605 1376 si
625 1317 744 1394 gradum
758 1317 829 1375 nolit
842 1317 1001 1392 designare,
1014 1337 1049 1375 ue
1063 1319 1221 1376 innotescat
1240 1321 1328 1377 socia.

241 1418 325 1486 Quod
347 1420 373 1476 si
393 1436 458 1476 cum
480 1434 578 1475 sorore
598 1399 683 1474 unica
701 1403 870 1493 peccauerit,
893 1417 946 1474 etsi
968 1417 1083 1493 plurimi
1102 1417 1198 1476 dicant
1212 1416 1331 1495 gradum

240 1518 318 1576 hunc
330 1517 426 1594 specie
440 1517 554 1575 differre
567 1517 603 1574 ab
617 1516 673 1575 alio
684 1516 804 1583 incestu,
819 1525 847 1573 et
864 1517 1028 1574 necessario
1042 1516 1239 1593 aperiendum,
1254 1517 1330 1575 haud

242 1616 440 1674 damnaremus
453 1635 519 1675 eum
533 1617 584 1690 qui
593 1615 811 1692 hancurcticeret
830 1615 1080 1684 circumstantiam,
1094 1625 1206 1693 tempus
1226 1635 1331 1694 oppor-

244 1716 339 1773 tunius
351 1725 511 1790 expectans,
526 1735 589 1789 quo
599 1716 678 1773 alteri
691 1715 876 1782 confessario,
886 1716 1100 1788 absqnesororis
1110 1717 1221 1794 injuria,
1233 1727 1332 1793 posset

245 1813 355 1892 detegi:
370 1816 526 1892 praesertim
548 1833 638 1889 quum
652 1833 711 1872 non
725 1815 821 1895 desint
833 1816 882 1886 qui
896 1833 959 1874 eam
973 1815 1049 1874 haud
1062 1817 1223 1874 necessario
1242 1816 1332 1892 expli·

242 1913 360 1972 eandam
373 1913 523 1974 affirmant.
565 1915 598 1973 Si
612 1933 650 1971 ex
663 1913 748 1990 plena
761 1913 942 1972 confessione
963 1914 1079 1973 infamia
1099 1914 1226 1987 quaedam
1241 1913 1330 1982 alteri,

243 2015 354 2073 etiamsi
366 2014 444 2072 haud
457 2033 516 2083 reo,
530 2016 638 2073 oritura
647 2015 694 2081 sit,
709 2033 745 2070 v:
761 2033 795 2090 g:
811 2014 934 2071 foemiuae
948 2033 1012 2086 quae
1023 2013 1330 2090 vimpassaestinvita,

242 2112 353 2172 videtur
365 2115 576 2172 circumstantia
590 2133 646 2187 qua
659 2112 823 2190 designetur
833 2130 919 2189 posse
933 2115 1055 2172 reticeri.

282 2216 331 2270 49.
354 2214 485 2271 Tenetur
505 2215 643 2289 poenitens
667 2213 765 2270 alienae
789 2214 938 2272 consulere
952 2212 1044 2281 famae,
1060 2212 1265 2271 confessarium
1286 2213 1333 2270 cui

241 2311 357 2389 ignotus
383 2319 428 2369 est
449 2313 544 2370 socius
565 2312 704 2381 adeundo,
728 2313 839 2385 quoties
870 2312 899 2371 id
919 2314 1026 2384 absque
1053 2313 1131 2388 gravi
1150 2311 1333 2372 incommodo

244 2409 307 2468 ficri
321 2405 438 2486 possit.1
471 2409 634 2469 Excusatur
648 2421 740 2469 autern
755 2411 789 2468 ab
804 2413 901 2488 ignoto
921 2410 1083 2484 quaerendo,
1098 2422 1215 2488 urgente
1233 2411 1332 2468 mortis

243 2508 382 2586 periculo,
410 2509 455 2568 vel
475 2511 642 2568 necessitate
667 2510 806 2588 implendi
826 2511 960 2589 praecepti
987 2508 1147 2586 paschalis3
1175 2511 1201 2566 si
1234 2509 1333 2567 debeat

242 2609 337 2668 statim
350 2609 503 2679 celebrare,
518 2610 564 2669 vel
584 2611 805 2679 communicare,
820 2611 855 2669 ad
873 2619 969 2670 notam
990 2608 1198 2686 effugiendam
1220 2609 1245 2666 si
1264 2608 1334 2668 nolit

242 2709 273 2767 in
299 2717 415 2787 peccato
441 2710 553 2768 mortali
578 2728 705 2778 manere,
729 2711 814 2767 etiam
840 2728 892 2786 per
917 2711 1004 2778 diem,
1031 2709 1122 2767 donec
1141 2708 1331 2768 confessarius

243 2806 311 2866 alter
324 2808 455 2877 adeatur;
479 2811 506 2867 si
525 2808 595 2867 alter
614 2810 743 2867 videatur
762 2827 815 2867 suo
835 2811 897 2888 juri
917 2812 1051 2878 cessisse,
1069 2811 1175 2886 optime
1201 2793 1333 2868 conscius

243 2905 329 2965 alium
342 2907 547 2967 confessarium
560 2909 609 2965 vix
623 2908 695 2966 adiri
710 2927 813 2984 posse;
828 2911 853 2966 si
867 2911 1009 2986 poenitens
1019 2909 1070 2967 vix
1082 2911 1173 2985 possit
1186 2909 1333 2967 conscien-

242 3005 312 3078 tiam
326 3005 373 3064 alii
385 3006 519 3082 paudere.
541 3007 613 3065 Aliae
627 3007 711 3066 etiam
725 3019 877 3065 occurrunt
891 3008 1102 3076 excusationes,
1115 3008 1186 3065 adeo
1199 3017 1230 3064 ut
1243 3006 1332 3084 poeni-

243 3111 332 3162 tentes
344 3105 513 3182 plerumque
529 3107 597 3184 angi
610 3124 668 3164 non
689 3105 809 3164 debeant
822 3108 859 3165 ob
874 3126 907 3164 ca
921 3125 983 3179 quae
1001 3106 1030 3163 in
1051 3105 1230 3163 confessione
1252 3104 1331 3161 dixe·

243 3212 317 3272 runt,
332 3223 384 3263 sua
397 3216 515 3282 peccata
527 3205 729 3264 manifestandi
742 3225 836 3264 causa.

283 3308 331 3362 50.
352 3304 388 3362 ln
408 3305 531 3382 peccatis
551 3321 615 3378 quae
636 3304 783 3364 infamiam
804 3325 862 3364 non
882 3305 1013 3372 afferunt,
1039 3302 1133 3376 qualia
1151 3310 1218 3360 sunt
1238 3302 1334 3380 jurgia

244 3402 411 3472 domestica,
426 3405 471 3462 vel
482 3423 545 3476 quae
559 3403 627 3462 alias
642 3405 709 3462 satis
723 3405 915 3473 innotuerunt,
930 3403 1024 3462 nullus
1039 3403 1189 3478 scrupulus
1202 3403 1334 3479 injicien-

243 3501 295 3560 dut
310 3515 354 3561 est
366 3504 402 3561 iis
416 3503 467 3576 qui
489 3503 610 3564 aliorum
632 3503 745 3572 delicta,
767 3523 884 3562 suorum
902 3501 1129 3562 confitendorum
1149 3519 1242 3568 causa,
1265 3519 1332 3576 pan·

244 3600 323 3670 dunt,
345 3603 476 3675 quamvis
499 3612 615 3679 praestet
633 3603 721 3660 vitare
743 3602 880 3676 quidquid
907 3603 986 3661 alteri
1005 3603 1177 3680 injuriosum
1203 3600 1250 3670 sit,
1277 3617 1330 3658 nec

243 3701 359 3758 omuino
380 3701 474 3759 adsui
489 3687 698 3760 accusationem
713 3704 917 3761 necessarium.
960 3703 1032 3768 Quae
1053 3701 1178 3760 diximus
1199 3701 1233 3758 de
1254 3701 1334 3759 socio

245 3797 398 3874 pandendo
412 3809 444 3857 ut
456 3801 564 3878 integra
578 3803 615 3860 sit
628 3801 781 3870 confessio,
797 3801 981 3878 intelligenda
1000 3809 1068 3860 sunt
1087 3803 1171 3860 etiam
1186 3801 1221 3859 de
1235 3799 1335 3859 eadem

244 3895 481 3968 manifestatione,
496 3919 559 3974 quae
573 3902 734 3959 necessaria
746 3903 784 3959 sit
805 3911 837 3960 ut
858 3901 1016 3960 remedium
1037 3902 1138 3959 animae
1162 3917 1221 3956 suae
1235 3898 1335 3969 exqui-

243 4004 331 4062 ratur,
346 3997 391 4056 vel
404 3998 438 4059 ad
453 4001 625 4068 innocentis,
640 3999 686 4058 vel
705 4001 917 4059 communitatis
938 4018 1074 4076 magnum
1088 3997 1194 4055 malurn
1208 4003 1334 4054 averten-

244 4093 323 4154 dum.

283 4199 332 4255 ol.
355 4195 484 4257 Omnino
508 4196 657 4258 damnatus
678 4209 722 4256 est
741 4217 758 4254 a
777 4197 936 4256 Benedicto
956 4195 1040 4254 XIV.
1063 4188 1250 4266 quorumdam
1271 4206 1333 4250 mos

242 4297 456 4372 exquirentium
466 4316 581 4368 nomen,
593 4299 639 4357 vel
652 4297 866 4366 habitationem,
881 4297 1025 4354 sociorum
1038 4291 1176 4361 oriminis,
1186 4287 1222 4348 ad
1235 4306 1333 4352 eorum

616 4503 658 4570 (1)
678 4499 857 4566 sarpere
870 4499 964 4551 arsa.
