3172 5172
259 529 315 586 134
605 518 662 578 DE
684 513 996 578 CONTRITIONE.

256 691 369 765 quando
405 687 538 748 charitate
572 685 726 763 perfectam
760 702 824 742 esse
854 683 1009 760 contingat,
1042 683 1247 760 hominemque
1279 687 1343 748 Deo

254 789 450 856 reconciliare,
464 786 544 864 prius
558 803 644 858 quam
663 782 718 841 hoc
738 791 944 840 sacramentum
967 791 1031 840 actu
1055 785 1236 861 suscipiatur,
1251 789 1343 864 ipsam

254 889 442 948 nihilominus
462 882 722 942 reconciliationem
739 882 796 957 ipsi
819 880 978 939 contritioni
998 883 1061 939 sine
1081 887 1251 944 sacramenti
1264 897 1342 954 voto,

255 985 333 1060 quod
346 988 376 1044 in
391 985 439 1044 illa
451 982 612 1051 includitur,
627 999 685 1039 non
698 998 761 1036 esse
782 973 1045 1037 adscribendam.'’l
1083 981 1225 1040 Damnata
1238 984 1344 1044 idcirco

255 1094 297 1143 est
319 1085 386 1162 Baji
405 1083 539 1142 assertio:
563 1081 650 1139 “Per
672 1079 871 1136 contritionem
891 1079 976 1136 etiam
996 1097 1061 1136 cum
1087 1081 1200 1140 caritate
1220 1083 1343 1158 perfecta

254 1185 446 1262 conjunctam,
466 1190 580 1238 etcum
607 1187 672 1237 voto
694 1175 869 1254 percipiendi
889 1185 1096 1236 sacramentum
1116 1197 1173 1238 non
1193 1181 1344 1240 remittitur

254 1284 362 1340 crimen
368 1289 448 1339 extra
461 1297 559 1338 casum
572 1277 749 1337 necessitatis
764 1286 812 1333 aut
824 1276 963 1351 martyrii,
973 1276 1037 1333 sine
1048 1279 1150 1336 actuali
1160 1280 1343 1357 susceptione

253 1373 471 1438 sacramenti.'’²
491 1378 596 1438 Utrum
609 1385 703 1435 autem
712 1374 832 1433 charitas
841 1376 904 1450 ipsa
916 1373 1042 1450 perfecta
1051 1395 1114 1434 esse
1125 1377 1235 1447 debeat,
1246 1379 1343 1456 specie

252 1490 280 1538 et
302 1478 401 1556 gradu,
421 1477 655 1536 controvertitur:
676 1475 821 1552 plerisque
841 1471 1023 1550 opinantibus
1043 1493 1139 1535 veram
1165 1477 1340 1546 charitatem,

253 1577 433 1652 quantumvis
446 1578 606 1644 remissam,
620 1583 648 1632 et
660 1573 749 1651 gradu
764 1572 850 1631 veluti
864 1573 1028 1642 minimam,
1037 1575 1151 1634 veniam
1160 1587 1343 1652 peccatorum
1413 1597 1415 1604 ¹

253 1676 364 1744 afferre,
377 1676 488 1735 dicente
503 1675 622 1733 Christo
636 1672 670 1730 de
690 1671 810 1749 singulis
834 1690 900 1731 eum
920 1671 1122 1748 diligentibus:
1144 1684 1163 1712 ‘⁴
1176 1676 1233 1743 Qui
1242 1676 1345 1754 ,diligit

252 1795 299 1836 me
325 1776 459 1854 diligetur
484 1795 501 1834 a
522 1775 607 1834 Patre
629 1763 745 1830 meo.”³
785 1771 816 1828 S.
841 1771 973 1832 Thomas
1000 1771 1086 1832 dicit:
1109 1774 1262 1834 “charitas
1286 1794 1344 1835 non

252 1885 422 1954 potestesse
442 1893 507 1934 curn
527 1881 644 1951 peccato
666 1863 827 1930 mortali.’'⁴
868 1870 1011 1930 Contritio
1034 1873 1121 1950 igitur
1140 1893 1176 1932 ex
1196 1875 1342 1943 charitate,
1364 1873 1380 1924 “.

252 1993 309 2049 qua
329 1975 392 2048 quis
416 1972 512 2033 Deum
532 1973 738 2048 complectitur,
753 1971 866 2029 veniam
880 1971 1042 2044 assequitur
1055 1981 1118 2031 ante
1132 1982 1341 2032 sacramentum

252 2082 426 2150 susceptum,
437 2072 514 2145 quod
524 2082 618 2130 tamen
632 2070 772 2148 poenitens
788 2071 816 2128 in
830 2062 926 2130 animo
939 2070 1024 2128 habet
1037 2069 1171 2149 deinceps
1183 2075 1340 2150 suscipere.

252 2173 356 2230 Anima
370 2171 404 2230 ad
417 2170 513 2230 Deum
537 2189 686 2238 conversa,
701 2169 782 2227 Deus
803 2171 898 2228 statim
917 2170 949 2227 fit
968 2171 1125 2246 propitius:
1149 2171 1250 2230 “Haec
1273 2172 1343 2230 dicit

252 2271 395 2331 Dominus
409 2272 604 2330 exercituum:
619 2269 816 2329 convertimini
830 2268 865 2327 ad
878 2287 934 2337 me,
947 2269 986 2326 ait
1001 2268 1142 2330 Dominus
1156 2272 1341 2338 exercituum,

246 2353 279 2429 ¹et
290 2379 437 2430 convertar
449 2370 485 2429 ad
499 2389 561 2439 vos,
572 2370 641 2428 dicit
654 2369 797 2429 Dominus
812 2367 1042 2427 exercituum.''⁵
1064 2435 1068 2441 ἡ

295 2475 342 2530 15.
365 2468 516 2540 Contritio,
531 2479 670 2544 quatenus
691 2469 845 2548 generatim
865 2467 1041 2545 intelligitur,
1056 2480 1099 2529 est
1112 2473 1229 2531 omnino
1246 2488 1344 2529 neces·

250 2571 325 2629 saria
336 2579 368 2638 ut
381 2570 445 2642 quis
456 2573 568 2629 veniam
576 2579 758 2646 peccatorum
772 2573 956 2641 assequatur:
973 2585 1027 2626 nec
1040 2571 1116 2629 enim
1131 2570 1211 2628 Deus
1222 2569 1344 2646 ignoscit

251 2668 394 2746 peccatori
407 2687 493 2740 quem
507 2668 601 2726 delicti
614 2667 690 2726 haud
703 2667 839 2744 penitet:
857 2676 876 2703 ‘⁶
886 2667 940 2725 suit
949 2665 1076 2735 autem‚'’
1087 2669 1179 2742 inquit
1188 2668 1342 2728 concilium

251 2767 464 2846 'l'ridentinpm
479 2768 610 2839 “quovis
625 2776 754 2844 tempore
769 2765 805 2824 ad
814 2766 1025 2842 impetrandam
1035 2768 1148 2827 veniam
1162 2777 1342 2845 peccatorum
1436 2762 1438 2764 ’

249 2867 296 2924 hic
316 2865 493 2924 contritionis
515 2875 608 2925 motus
628 2855 856 2924 necessarius.”⁶
875 2867 1033 2938 Equidem,
1056 2865 1173 2927 Christo
1196 2877 1339 2937 monente,

250 2967 380 3024 interitus
401 2973 496 3023 manet
521 2964 596 3024 haud
623 2966 811 3042 paenitentes:
834 2965 934 3023 “Nisi
960 2966 1160 3043 paenitentiam
1185 2965 1341 3025 habueritis

251 3045 350 3124 omnes
364 3064 494 3124 similiter
508 3057 685 3142 peribitis.’'⁷
705 3065 782 3124 Hinc
792 3063 972 3143 predicavit:
990 3067 1209 3142 “poenitentiam
1219 3060 1341 3144 agite.”⁸

151 3149 154 3152 ¹
250 3166 350 3225 Animi
363 3165 480 3238 quidem
493 3165 610 3223 mutatio
625 3165 653 3223 vi
673 3165 752 3231 vocis
765 3151 887 3228 servasse
907 3163 1067 3234 indicatur:
1089 3165 1140 3224 sed
1160 3175 1187 3224 et
1207 3163 1289 3225 dolor
1308 3164 1343 3223 de

250 3262 308 3322 Dei
321 3263 440 3332 offensa,
455 3282 521 3322 cum
542 3263 729 3323 conversione
749 3261 784 3320 ad
797 3281 874 3330 cum,
892 3282 957 3322 cum
971 3283 1005 3322 ea
1019 3266 1182 3323 necessario
1196 3265 1344 3344 conjungi·

251 3371 312 3421 tur:
336 3362 570 3422 “Paenitemini”
592 3363 685 3438 inquit
706 3363 819 3429 Petrus,
842 3369 904 3420 “et
924 3364 1125 3422 convertimini
1146 3374 1177 3422 ut
1201 3363 1346 3422 deleantur

250 3471 369 3537 peccata
383 3455 526 3520 vestra.”⁹
565 3462 599 3522 ln
613 3462 764 3521 dilectione
778 3460 835 3519 Dei
847 3461 1001 3522 includitur
1014 3465 1123 3539 peccati
1144 3463 1252 3531 odium,
1268 3460 1343 3536 quod

253 3569 348 3620 tamen
362 3569 474 3637 oportet
486 3560 561 3628 elici,
576 3562 672 3620 animo
686 3560 756 3618 illud
771 3560 939 3620 detestante.

292 3661 339 3716 16.
361 3658 396 3715 In
408 3659 507 3715 mortis
527 3659 644 3738 articulo
658 3659 789 3717 contritio
803 3659 928 3735 perfecta
940 3670 986 3718 est
1000 3659 1149 3730 elicienda,
1164 3678 1201 3718 ex
1215 3678 1344 3718 commu·

250 3757 323 3814 niori
336 3755 494 3824 sententia:
515 3766 628 3832 oportet
637 3758 714 3816 enirn
728 3766 794 3816 tunc
807 3757 891 3817 saluti
905 3761 1121 3832 quammaxime
1135 3760 1293 3828 consulere,
1306 3777 1341 3818 ne

250 3857 320 3928 quid
349 3855 445 3916 forsan
470 3855 552 3915 desit.
594 3857 629 3916 In
651 3857 779 3934 periculo
805 3859 905 3916 mortis
932 3859 1095 3919 verosimili
1118 3860 1217 3919 eadem
1239 3860 1346 3919 ratione

251 3955 352 4018 animae
372 3963 416 4014 est
440 3955 657 4015 consulendum.
691 3957 725 4014 Si
745 3957 855 4016 nullum
878 3958 1030 4018 immineat
1049 3960 1222 4036 periculum,
1237 3958 1345 4036 peccati

289 4134 332 4198 (l)
352 4131 417 4182 Sese.
428 4131 477 4182 xiv.
486 4147 539 4196 cap.
550 4130 582 4181 iv.
594 4130 721 4197 deponit.
860 4131 901 4198 (2)
921 4132 993 4196 Prop.
1005 4133 1068 4184 lxxi.

290 4219 332 4284 (3)
351 4217 421 4266 Joan.
434 4217 485 4266 xiv.
497 4220 538 4265 21.
856 4219 898 4284 (4)
919 4221 942 4266 a.
955 4221 999 4268 ta.
1010 4235 1051 4283 qu.
1063 4221 1114 4270 xlv.
1126 4226 1170 4270 art.
1180 4219 1211 4268 iv.

291 4303 333 4367 (5)
353 4301 426 4352 Zach.
438 4302 454 4350 i.
467 4305 491 4350 8.
857 4305 899 4370 (6)
920 4304 984 4355 Sese.
996 4305 1045 4356 xiv.
1057 4321 1111 4371 cap.
1121 4305 1153 4356 iv.
1165 4302 1295 4371 deponit.

892 4392 904 4456 )

895 4477 906 4541 )

291 4387 333 4450 (7)
353 4383 413 4434 Luc.
426 4385 477 4434 xiii.
490 4389 513 4436 3.
861 4391 890 4455 (8
924 4389 984 4440 Mat.
996 4389 1027 4439 iv.
1042 4393 1081 4441 17.

864 4475 892 4538 (9
915 4475 981 4524 'Aen
993 4475 1026 4524 iii.
1045 4477 1084 4526 19.
