3172 5172
594 555 651 614 DE
673 553 981 616 CONFESSIONE.
1274 563 1331 618 tto

676 1074 817 1138 CAPUT
837 1078 891 1136 IV.

649 1291 688 1333 DE
714 1292 925 1334 conresstomt.

509 1453 574 1528 §.L
616 1451 665 1512 Drs
688 1451 906 1512 Connnssronrs
928 1469 1060 1512 narnus.

282 1613 331 1667 32.
353 1605 519 1676 Confessio,
541 1625 605 1681 quae
631 1605 666 1666 ad
693 1613 901 1666 sacramentum
927 1605 1106 1664 Poenitentiue
1131 1609 1262 1684 pertinet,
1289 1621 1333 1670 est

243 1725 361 1767 suorum
375 1713 554 1783 peccatorum
568 1707 710 1764 accusatio
723 1707 797 1764 facta
806 1705 954 1774 sacerdoti,
962 1704 1193 1782 jurisdictionem
1205 1708 1331 1779 habenti,

243 1806 279 1865 ad
292 1805 473 1865 obtinendem
486 1792 586 1866 eorum
600 1805 725 1874 veniam,
739 1806 767 1863 vi
781 1806 928 1880 potestatis
938 1805 1059 1864 clavium
1073 1804 1218 1866 aOhristo
1231 1806 1333 1868 Ecole·
1363 1871 1366 1878 Ι

243 1907 291 1966 siae
317 1923 470 1964 concessae.
523 1903 678 1964 Sexdecim
700 1905 762 1982 ejus
784 1903 864 1964 dotes
886 1914 1079 1973 recensentur,
1103 1897 1166 1977 quae
1187 1908 1332 1968 memorie

243 2005 598 2064 causaesicenuutiantur:

361 2202 407 2260 Sit
426 2201 564 2278 simplex,
577 2200 696 2260 humilis
710 2200 864 2269 consessio,
879 2219 961 2278 pura,
979 2199 1084 2268 fidelis,

362 2301 459 2372 Atque
472 2301 616 2372 frequens,
631 2299 706 2358 nuda
718 2310 747 2356 et
759 2299 889 2369 discreta,
903 2300 1017 2367 lubens,
1031 2299 1202 2367 verecunda,

364 2399 488 2476 Integra,
502 2407 619 2465 secreta,
634 2407 661 2456 et
673 2399 877 2475 lacrymabilia,
892 2399 1057 2466 accelerata,

365 2497 470 2565 Fortis,
484 2505 512 2554 et
522 2515 669 2566 accusans,
681 2507 708 2556 et
721 2499 759 2557 sit
771 2517 870 2574 parere
884 2493 1006 2575 parata.¹
1026 2525 1028 2529 ·

283 2699 333 2754 33.
354 2695 444 2774 Igitur
463 2703 574 2772 oportet
598 2704 630 2754 nt
649 2704 765 2773 peccata
784 2705 963 2773 exponantur
982 2694 1076 2754 verbis
1099 2694 1333 2772 simplicioribus,

244 2796 323 2854 omni
336 2793 401 2854 fuco
414 2796 585 2864 carentibus,
600 2804 628 2853 et
647 2795 750 2854 humili
771 2795 888 2869 quidem
908 2797 1017 2855 auimo.
1058 2792 1146 2856 Pura
1166 2794 1251 2854 debet
1271 2814 1334 2856 esse

245 2895 470 2968 confessioque
484 2893 518 2952 ad
533 2913 592 2954 rem
601 2912 659 2954 non
674 2895 817 2972 pertinent
829 2897 950 2954 evitatis.
976 2891 1092 2954 Fidelis
1106 2895 1142 2951 sit
1155 2904 1333 2965 uecesseest,

245 2993 346 3069 procul
369 2991 435 3051 dolo
456 2994 536 3052 omni
550 3003 577 3051 et
590 3004 648 3052 arte
668 2994 828 3062 verborum,
844 2996 949 3067 quibus¹
961 2995 1068 3072 veletur
1081 2992 1225 3070 delictum.
1263 2993 1336 3052 Fre·

244 3098 367 3170 quanter
380 3093 510 3152 confiteri
523 3094 637 3174 consilii
651 3103 710 3161 est;
726 3094 816 3152 semel
833 3093 863 3151 in
876 3110 951 3152 anno
964 3079 1166 3158 necessarium,
1181 3109 1219 3148 ex
1232 3091 1335 3160 Eccle-

246 3193 294 3250 siae
315 3201 468 3269 praecepto.
504 3191 601 3252 Nuda
621 3193 891 3262 diciturconfessio,
906 3209 969 3265 quae
989 3209 1035 3250 rer
1049 3199 1133 3266 prout
1152 3199 1218 3248 tunt
1232 3189 1334 3249 refert:

247 3309 310 3364 quae
331 3300 424 3350 tamen
445 3290 581 3352 discrete
594 3311 658 3351 esse
681 3293 765 3351 debet
790 3302 818 3350 et
843 3290 1019 3360 uerecunda,
1034 3309 1070 3350 ne
1096 3287 1165 3364 quid
1191 3299 1271 3367 turpe
1292 3291 1338 3349 vel

247 3389 366 3449 noxium
381 3391 553 3467 proseratur3
575 3393 637 3469 ipsa
657 3393 733 3451 enim
755 3391 863 3469 flagitia
884 3391 1025 3465 quosquis
1045 3389 1199 3455 admiserit,
1215 3391 1333 3449 vocibus

246 3489 415 3550 verecundis
438 3491 589 3550 iudicanda
608 3501 682 3550 sunt.
725 3490 847 3550 Ludens
873 3489 1018 3549 confessio
1044 3475 1096 3558 est,
1120 3506 1206 3561 quam
1232 3499 1335 3565 sponte

247 3590 310 3664 quis
333 3591 452 3668 peragit,
467 3609 530 3664 quae
544 3591 620 3649 enim
634 3600 818 3664 extorquetur
836 3589 990 3664 aliquando
1004 3610 1020 3648 a
1039 3590 1135 3648 noxiis
1157 3586 1253 3648 delicti
1267 3607 1335 3648 con·

245 3689 343 3758 fessio,
357 3691 477 3749 omnino
490 3689 585 3748 differt
598 3709 613 3746 e
627 3690 671 3748 sui
682 3691 872 3759 accusatione,
887 3709 973 3762 quam
987 3691 1128 3766 poenitens
1137 3688 1214 3756 facit,
1230 3689 1335 3750 Deout

244 3788 429 3864 obtemperet.
479 3788 607 3867 Integra
628 3798 681 3857 est,
703 3791 815 3863 quoties
835 3790 876 3850 nil
901 3790 1038 3848 omittitur
1064 3788 1140 3863 quod
1166 3790 1215 3848 lex
1238 3789 1335 3848 diuina

248 3885 386 3946 declarari
400 3889 500 3966 jubet:
521 3895 632 3948 secreto
646 3888 687 3957 fit,
702 3890 812 3948 nemini
826 3889 945 3958 scilicet,
960 3899 1062 3966 praeter
1080 3887 1257 3946 sacerdotem
1270 3887 1336 3959 quis

245 3993 358 4047 tenetur
382 4005 434 4045 sue
458 3989 585 4047 revelare
611 3987 722 4057 delicta,
750 4007 813 4062 quae
835 3997 940 4046 aeterno
966 3987 1079 4045 silentio
1099 3985 1238 4056 servanda
1260 3991 1335 4041 sunt.

245 4085 404 4162 Lacryrnas
418 4086 578 4156 effundere,
592 4086 659 4148 dum
674 4089 737 4160 quis
758 4087 917 4155 confitetur,
932 4103 1052 4146 necesse
1072 4101 1130 4142 non
1148 4091 1208 4151 est;
1230 4080 1280 4140 sed
1299 4099 1336 4140 ex

244 4203 312 4245 vero
326 4187 414 4246 animi
428 4186 527 4245 dolore
540 4187 685 4246 confessio
698 4185 812 4264 prodire
821 4185 920 4252 debet;
936 4185 1079 4262 poenitens
1088 4181 1195 4257 quippe
1204 4180 1338 4256 plangere

243 4298 359 4362 peccata
372 4294 522 4345 censetur:
538 4286 585 4344 vel
598 4285 699 4344 saltem
712 4283 796 4362 dirigi
811 4284 896 4342 debet
909 4282 1054 4342 consessio
1068 4279 1104 4338 ad
1119 4281 1230 4340 veniam
1246 4279 1335 4358 impe·

532 4506 575 4573 (l)
595 4503 622 4554 S.
632 4503 724 4554 Thom.
735 4503 796 4567 Sup.
807 4500 841 4551 iir.
852 4517 876 4565 p.
888 4516 929 4565 qu.
941 4499 975 4551 ix.
987 4507 1029 4550 art
1041 4498 1074 4549 iv.

287 4582 365 4642 Vou.
380 4583 520 4643 tlt-14
