3108 5162
256 579 315 635 368
552 571 610 632 DE
630 570 1054 632 DISPENSATIONIBUS.

258 739 408 800 “Mulcte
427 739 482 798 illae
496 738 530 798 ad
551 739 763 798 resarciendum
784 738 1006 812 aliqua-ratione
1026 739 1130 797 vulnus
1150 737 1227 809 quod
1240 755 1278 794 ex
1291 735 1349 794 dis·

257 841 455 917 pensationum
480 839 731 898 matrimonialium
757 840 944 897 concessione
967 837 1166 896 ecclesiastiea
1187 837 1348 911 disciplinae

257 937 404 1015 infligitur,
416 947 445 996 et
457 937 492 995 ad
506 939 684 998 matrimonia
697 939 771 996 inter
784 955 919 1013 personas
933 937 1184 1013 consanguinitatis
1198 936 1243 993 vel
1257 934 1347 992 affini-

257 1037 320 1094 tatis
334 1037 449 1097 vinculo
462 1037 584 1096 invicem
598 1038 763 1114 conjunctas
773 1037 878 1094 rariora
887 1055 920 1094 ac
933 1035 1093 1094 difficiliora
1105 1033 1260 1101 reddenda,
1269 1035 1347 1110 juste

259 1136 295 1194 ab
308 1136 442 1194 Ecclesia
462 1136 666 1208 salubriterque
676 1136 834 1193 constitute
848 1134 946 1192 sunt.”
979 1135 1119 1193 “Dantur
1131 1135 1217 1192 etiam
1236 1133 1350 1208 dispen-

258 1236 382 1295 sationes
395 1237 502 1308 abeque
515 1234 573 1292 nile
585 1233 780 1311 eleemosyna,
794 1235 825 1292 in
839 1234 929 1292 forma
943 1252 1101 1311 pauperum
1115 1229 1222 1292 dictae.l

446 1431 471 1506 §.
486 1430 542 1490 Ill.
584 1430 631 1490 Du
652 1449 935 1492 orerensarrorvreus
956 1451 1159 1497 exequennrs.

295 1605 366 1659 225.
388 1599 508 1666 Quoties
530 1600 740 1660 matrimonium
756 1601 785 1660 in
798 1601 869 1659 facie
889 1600 1030 1658 Ecclesiae
1049 1609 1220 1658 contractum
1235 1599 1346 1657 nullum

258 1710 302 1758 est
313 1701 350 1758 ob
371 1699 607 1776 impedimentum
622 1701 775 1767 occultum,
790 1699 866 1772 quod
881 1718 938 1758 non
952 1709 997 1757 eet
1014 1700 1174 1776 pericnlum
1189 1699 1281 1774 palam
1296 1698 1347 1755 ali-
1364 1700 1367 1706 '

258 1796 371 1873 quando
384 1798 570 1867 innotescere,
585 1817 621 1855 v:
644 1818 679 1875 g:
703 1799 779 1872 quod
794 1799 942 1875 proveniat
955 1817 992 1856 ex
1012 1799 1115 1876 copula
1134 1799 1233 1856 illicita
1245 1799 1294 1855 uni
1308 1815 1346 1854 ex

257 1897 485 1956 contrahentibus
498 1907 574 1966 nota,
589 1897 699 1955 sublato
713 1917 764 1974 per
782 1898 1026 1974 dispensationem
1035 1897 1249 1975 impedimento,
1264 1914 1347 1954 reno·

256 1998 317 2056 vari
342 1997 445 2074 poterit
470 2014 628 2054 consensus
654 1997 785 2073 privatim
808 1997 915 2069 absque
937 1998 1073 2074 parocho,
1096 1997 1141 2055 vel
1163 1997 1284 2064 arbitris,
1304 1995 1346 2051 uti

257 2095 410 2154 declaravit
431 2095 463 2152 S.
484 2095 554 2154 Piur
578 2095 616 2152 V.
640 2104 710 2154 teste
734 2097 840 2153 Navar.
884 2095 1007 2154 Etiamsi
1032 2104 1151 2169 uterque
1172 2094 1343 2154 contrahens

256 2203 382 2270 tempore
402 2194 560 2267 nuptiarum
581 2195 691 2251 noverit
712 2193 961 2270 impedimentum,
977 2195 1086 2253 videtur
1102 2214 1188 2272 posse
1202 2194 1344 2260 renovari,

256 2290 468 2368 dispensatione
495 2292 653 2368 impetrata,
678 2293 783 2366 absque
810 2294 946 2370 parocho,
971 2296 1017 2352 vel
1043 2295 1174 2352 testibus.
1219 2294 1252 2351 Si
1279 2290 1344 2349 verb

257 2391 414 2467 periculum
428 2391 513 2449 sitne
527 2391 763 2468 impedimentum
775 2393 943 2461 innotescat,
958 2402 987 2450 et
999 2394 1089 2452 multo
1103 2395 1195 2470 magis
1208 2392 1233 2449 si
1247 2409 1345 2467 reapse

257 2491 420 2558 innotuerit,
434 2508 594 2549 consensus
608 2509 702 2548 coram
718 2492 842 2568 parocho
855 2502 884 2550 et
903 2492 1020 2550 testibus
1034 2493 1086 2549 erit
1105 2491 1295 2558 renovandus,
1308 2507 1345 2547 ne

257 2589 468 2648 matrimonium
481 2589 512 2646 in
522 2590 710 2662 questionem
724 2589 859 2668 deinceps
869 2593 971 2649 veniat.
1014 2591 1060 2648 De
1075 2592 1265 2650 matrimoniis
1279 2608 1346 2647 con·

256 2688 349 2746 tractis
376 2706 471 2748 coram
497 2689 673 2765 magistratu,
701 2689 746 2746 vel
771 2708 903 2764 praecone
929 2690 1072 2758 haeretico,
1095 2690 1170 2748 idem
1191 2688 1341 2748 dicendum

254 2784 374 2844 videtur.
403 2785 437 2843 Si
451 2788 526 2844 enim
548 2786 785 2862 impedimentum
804 2788 985 2862 latueritque
1000 2807 1033 2845 ea
1046 2791 1124 2846 irrita
1137 2799 1215 2858 sunt,
1230 2798 1258 2846 et
1271 2789 1343 2864 peri·

255 2883 349 2942 culum
364 2883 473 2942 nullum
488 2886 526 2940 sit
538 2883 607 2941 illud
621 2892 720 2942 notum
735 2884 873 2954 futurum,
887 2885 997 2944 secreti
1012 2889 1142 2946 renovari
1156 2889 1260 2965 poterit
1277 2906 1343 2945 con·

254 2999 367 3050 sensus,
388 3000 476 3054 quum
494 2982 529 3040 de
551 2991 694 3040 contractu
721 2983 792 3042 aliha
819 2985 888 3042 satis
909 2994 1029 3044 constet.
1072 2986 1157 3053 Quod
1182 2989 1207 3045 si
1233 2988 1342 3045 irritum

257 3080 342 3140 t'uerit
361 3082 573 3141 matrimonium
588 3082 624 3139 ob
639 3080 830 3158 disparitatem
845 3084 947 3152 cultus,
962 3086 1008 3142 vel
1018 3084 1093 3142 aliud
1107 3085 1342 3162 impedimentum

255 3160 435 3250 canonicum,
463 3180 643 3240 renovandus
670 3182 722 3239 erit
747 3200 919 3250 consensus,
946 3183 1158 3261 dispensatione
1183 3185 1341 3261 impetrata,

255 3299 350 3338 coram
364 3279 526 3338 sacerdote:
548 3279 600 3337 sed
620 3282 732 3352 quoties
747 3299 812 3356 pars
832 3282 988 3341 acatholica
1007 3303 1065 3341 non
1078 3285 1138 3343 vult
1153 3302 1246 3342 coram
1261 3301 1296 3340 eo
1309 3302 1341 3340 se

253 3379 365 3447 sistere,
393 3389 502 3437 secreta
526 3378 671 3436 renovatio
697 3380 822 3456 permitti
848 3391 949 3457 potest.
989 3382 1162 3440 ¹Conversis
1183 3381 1218 3438 ad
1242 3381 1341 3450 fidem,

254 3496 376 3552 quorum
396 3479 607 3537 matrimonium
629 3480 738 3537 nullum
757 3498 821 3536 esse
842 3481 1000 3558 contigerit,
1015 3481 1039 3538 si
1059 3481 1132 3540 nihil
1145 3481 1180 3540 de
1194 3501 1228 3540 eo
1249 3483 1343 3558 suspi-

252 3585 360 3642 centur,
375 3587 403 3633 et
415 3579 511 3653 gravis
527 3581 564 3636 sit
585 3577 735 3636 difficultas
751 3581 888 3658 conjuges
911 3579 1064 3638 inducendi
1078 3591 1108 3639 ut
1120 3583 1219 3654 quavis
1234 3582 1342 3639 ratione

251 3678 389 3725 renovent
401 3691 587 3742 consensum,
602 3677 651 3732 vix
666 3679 832 3752 scrupulum
848 3680 963 3756 injicere
977 3689 1104 3756 oportet:
1126 3681 1203 3753 quod
1216 3681 1242 3737 ei
1255 3681 1340 3737 inter·

250 3764 411 3843 rogaverint
422 3767 608 3834 sacerdotem,
618 3789 651 3825 ea
660 3776 843 3844 proponenda
852 3785 896 3832 est
905 3777 976 3834 ratio
990 3778 1143 3836 renovandi
1157 3797 1339 3845 consensum,

252 3883 315 3938 qnae
328 3863 485 3925 minoribus
496 3864 623 3942 subjacet
631 3865 842 3927 difficultalibus
853 3891 860 3929 ε
883 3876 987 3948 poterit
995 3878 1104 3936 scilicet
1113 3877 1222 3937 secretb
1233 3878 1341 3936 insinu-

251 3984 297 4024 are
311 3967 341 4024 in
361 3965 494 4024 Ecclesia
508 3964 658 4025 Catholica
677 3968 811 4044 baptismi
824 3967 964 4031 delectum
984 3977 1094 4034 obstare
1116 3977 1268 4036 consensui
1276 3950 1338 4052 jain

248 4067 388 4141 prestito,
412 4063 462 4124 sed
484 4075 586 4141 praesto
610 4087 674 4126 esse
697 4069 867 4132 remedium.
909 4071 1055 4145 Equidem
1078 4078 1150 4152 parti
1174 4063 1338 4134 acatholicae

250 4163 416 4240 persuaderi
425 4165 473 4224 vix
482 4166 586 4241 poterit
598 4186 770 4230 consensum
785 4171 819 4227 ab
833 4171 913 4230 initio
927 4171 1002 4230 haud
1016 4174 1152 4243 valuisse,
1166 4186 1194 4234 et
1206 4176 1340 4254 injuriam

251 4263 306 4321 sibi
326 4272 355 4320 et
373 4264 445 4340 proli
464 4264 526 4322 fieri
546 4266 718 4325 existimabit
737 4269 844 4346 nuptiis
864 4271 964 4331 iterum
986 4271 1182 4333 celebrandis:
1210 4273 1339 4347 alioquin

251 4362 352 4421 affectu
365 4363 465 4422 marito
478 4373 637 4423 consortem
653 4366 768 4425 thalami
780 4387 967 4445 prosequens.

522 4532 563 4598 (1)
582 4531 645 4581 Vide
657 4532 790 4585 carneres
802 4535 827 4588 ii.
838 4535 868 4586 de
879 4541 936 4588 met.
947 4552 973 4588 n.
986 4539 1058 4592 llas.
