3108 5162
390 562 447 624 DE
469 561 791 623 lMPEDlMENTIS
812 561 1087 622 MATRIMONII.
1226 567 1285 622 1127

631 1061 773 1122 CAPUT
800 1063 838 1120 V.

488 1279 526 1318 DE
548 1278 770 1320 rnrnnmnnurs
790 1277 981 1320 nnnnmonu.

529 1439 554 1514 §.
568 1439 594 1498 1.
629 1438 677 1497 Du
699 1455 947 1497 rnrnnnrunrsns.

168 1665 172 1672 ,
235 1608 302 1662 124.
324 1605 532 1682 impedimenta
545 1616 612 1666 sunt
623 1608 719 1666 obices
733 1626 768 1665 ne
781 1608 830 1664 fiat
839 1607 1064 1666 matrimonium.
1098 1603 1283 1666 Dirimenta'u

192 1701 323 1762 dicuntur
337 1723 400 1776 quoe
421 1706 532 1764 obstant
544 1725 579 1764 ne
593 1707 701 1765 valeat:
723 1691 919 1785 impedientia
933 1725 995 1778 quae
1009 1707 1121 1765 obstant
1133 1724 1170 1764 ne
1189 1705 1281 1773 liceat,

193 1804 323 1873 quamvis
337 1814 510 1864 contractum
525 1806 624 1864 valeat.
667 1806 817 1865 Dirimunt'
828 1815 933 1874 autem,
947 1805 1014 1863 licet
1033 1806 1097 1878 quis
1118 1825 1153 1862 ea
1172 1806 1283 1882 ignora·

193 1900 273 1970 verit,
288 1902 335 1961 lex
348 1904 426 1961 enim
439 1904 583 1980 publicam
594 1905 751 1974 utilitatem,
761 1905 854 1982 potius
868 1924 953 1979 quam
962 1905 1140 1982 singulorum
1149 1903 1280 1971 consilia,

191 2009 310 2074 spectat,
324 2009 352 2058 et
364 2021 471 2061 normae
486 2005 581 2080 potius
597 2023 681 2076 quam
694 2023 787 2082 poenae
802 2005 886 2062 hebet
897 2004 1053 2063 rationem:
1068 2022 1118 2062 eos
1130 2014 1223 2061 tamen
1232 2003 1281 2075 qui

192 2097 326 2175 baptizati
351 2120 411 2160 non
434 2111 510 2172 sunt,
538 2123 596 2162 non
618 2113 748 2179 spectant
770 2105 975 2182 impedimenta
1001 2121 1064 2176 quae
1087 2104 1122 2160 ab
1148 2101 1282 2160 Ecclesia

191 2206 294 2256 statuta
306 2211 390 2269 sunt;
412 2220 464 2259 nec
478 2203 555 2262 enim
569 2203 645 2262 valet
665 2204 753 2282 ligare
766 2203 880 2282 legibus
901 2222 952 2262 eos
973 2203 1024 2276 qui
1042 2202 1203 2261 nullatenus
1216 2218 1279 2258 eam

189 2298 312 2374 ingressi
325 2307 399 2356 sunt.

156 2427 160 2436 .
233 2398 300 2454 125.
322 2397 450 2464 Quatuor
462 2410 665 2460 enumerantur
678 2401 883 2477 impedimenta
895 2399 1089 2476 impedientia,
1103 2415 1208 2474 nempe
1221 2417 1228 2454 :

307 2581 310 2590 ⁴
375 2595 514 2654 Ecclesiae
529 2599 657 2667 vetitum,
674 2607 797 2675 tempus,
811 2595 965 2675 sponsalia,
980 2604 1088 2654 votum.

230 2798 297 2852 126.
320 2793 424 2852 Vetere
438 2795 572 2855 Ecclesia
581 2795 693 2864 dicitur,
703 2796 939 2870 quandocumque
949 2793 1063 2872 praesul,
1072 2794 1117 2850 vel
1125 2792 1278 2869 parochus,

190 2891 322 2967 probibet
334 2912 370 2951 ne
384 2894 489 2969 nuptiae
503 2895 643 2962 ineantur,
657 2895 734 2968 quod
755 2895 921 2973 plerumque
935 2894 967 2952 fit
980 2901 1011 2951 ut
1023 2893 1059 2951 de
1072 2892 1279 2969 impedimento

190 2986 373 3063 inquiratur.¹
414 2990 520 3049 Peocat
542 2993 673 3069 graviter,
694 2996 754 3066 qni,
778 2995 866 3052 vetito
886 2992 1059 3070 posthabito,
1077 2993 1191 3068 nuptias
1212 2992 1276 3058 init,

191 3089 320 3161 quamvis
335 3089 359 3147 si
369 3089 607 3165 impedimentum
619 3110 684 3150 vere
698 3112 756 3151 non
766 3093 866 3160 subsit,
881 3091 1008 3159 valeant;
1022 3090 1120 3148 leviter
1133 3099 1238 3156 autem,
1253 3091 1278 3147 si
1316 3167 1317 3174 ἵ

190 3187 284 3244 vetitae
292 3188 349 3246 sint
357 3189 394 3246 ob
406 3188 470 3246 festi
483 3188 540 3250 diei
554 3187 792 3250 venerationem-²
832 3191 900 3250 Huc
913 3190 1011 3249 reterri
1022 3195 1117 3267 potest
1126 3186 1279 3263 prohibitio

189 3303 225 3345 ne
240 3288 453 3354 matrimonium
467 3289 657 3359 contrahatur,
668 3291 775 3363 absque
788 3290 1048 3350 denuntiationibus
1063 3286 1189 3366 prauiis.

230 3389 299 3444 127.
321 3386 410 3444 Juxta
422 3389 585 3464 generalem
599 3390 738 3449 Ecclesia
751 3390 844 3466 legem
855 3390 885 3448 in
897 3385 1211 3448 concilioLateranensi
1222 3383 1276 3444 lv.

189 3480 301 3553 iacun,³
314 3496 343 3542 a
355 3486 384 3544 in
401 3486 572 3546 urruenuno
596 3463 697 3548 ierim
717 3483 915 3556 inculcamus
934 3498 990 3546 tres
1009 3485 1146 3546 faciende
1164 3492 1230 3541 sunt
1248 3484 1279 3541 in

188 3583 319 3653 ecclesia,
330 3585 403 3644 inter
414 3586 571 3645 Missarum
582 3589 730 3656 solemnia,
739 3587 977 3664 proclamationes
986 3587 1097 3665 praeviae
1106 3583 1279 3643 matrimonii

187 3682 285 3752 futuri,
313 3685 401 3744 tribus
428 3684 528 3745 diebus
554 3686 633 3745 festis
656 3677 798 3746 continuis
825 3698 975 3760 antequam
1002 3688 1169 3746 celebretur.
1215 3682 1277 3741 Eas

188 3785 318 3843 omittere
343 3785 392 3844 ubi
414 3785 462 3844 lex
489 3787 577 3863 viget,
591 3805 677 3865 grave
700 3797 745 3844 est
769 3796 927 3864 peccatum,
942 3789 988 3846 cui
1014 3790 1100 3846 etiam
1126 3782 1278 3861 suspensio

188 3881 311 3939 lerendae
332 3885 478 3943 sententias
498 3879 681 3945 adnectitur!
705 3887 739 3946 lu
759 3886 928 3961 quibusdam
948 3887 1117 3945 dioeoesibus
1137 3882 1277 3940 Amerioae

190 3977 332 4037 redemta
352 3980 415 4040 fieri
440 3994 667 4052 consueverunt3
688 3986 718 4044 in
731 3986 794 4045 aliis
817 4004 871 4044 usu
890 4003 948 4046 non
962 3996 1029 4043 sunt
1047 3989 1178 4057 receptae.
1219 3977 1279 4035 Ubi

189 4077 342 4154 episcopus
351 4081 480 4157 jusserit,
494 4082 631 4143 laciendae
644 4093 712 4142 sunt
723 4085 896 4152 necessario,
911 4083 982 4142 adeo
1002 4091 1033 4140 ut
1045 4086 1176 4158 peccaret
1188 4076 1279 4154 gravi·

190 4185 233 4234 ter
254 4177 386 4238 sacerdos
408 4179 555 4242 celebrans
576 4185 691 4261 nuptias
712 4185 749 4242 iis
771 4182 980 4260 pretermissis,
994 4181 1062 4240 licet
1081 4175 1158 4237 certd
1180 4185 1279 4236 nosset

326 4359 369 4426 (1)
391 4355 452 4422 Cap.
464 4357 489 4409 ii.
501 4357 615 4412 demetr.
626 4377 679 4414 eon.
850 4362 892 4428 (2)
912 4357 1094 4411 G.iii.eodtit.

323 4443 366 4507 (³)
386 4439 448 4506 Gap.
460 4443 485 4492 li.
849 4445 891 4514 (4)
913 4443 977 4492 Sess-
987 4441 1054 4492 xxiv.
1063 4440 1108 4491 c.i.

324 4525 370 4594 (ὁ)
391 4523 421 4575 G.
432 4523 500 4577 Cum
511 4525 622 4578 inhibitio
634 4531 657 4590 ς.
669 4527 743 4590 Sane,
754 4527 784 4580 dc
795 4525 911 4579 clendal-
922 4524 1034 4595 depone.
