3124 5168
507 1227 836 1303 TRAOTATUS
864 1226 1014 1303 XVIII.

561 1439 623 1503 DE
646 1431 974 1505 EucHAfflsumf

623 1811 654 1886 P
675 1813 709 1885 A
729 1811 765 1885 R
785 1814 813 1887 S
865 1814 900 1886 I.

560 2007 622 2070 DE
648 2007 972 2072 SACRAMENTO.

643 2201 885 2216 ψ

671 2328 813 2388 CAPUT
833 2331 858 2388 I.

543 2545 582 2585 DE
603 2543 737 2586 MATERIA
756 2544 979 2586 uucflsmsulm.

265 2714 291 2768 1.
312 2707 496 2768 Eucharistia
520 2716 565 2764 est
583 2716 791 2766 sacramentum
817 2708 944 2786 corporis
964 2717 992 2766 et
1016 2707 1163 2787 sanguinis
1188 2705 1309 2776 Christi,

223 2810 276 2869 sub
289 2808 439 2887 speciebus
459 2805 542 2883 panis
555 2815 584 2865 et
604 2807 674 2876 vini,
697 2807 732 2866 ad
752 2809 854 2869 animae
874 2808 1056 2867 resectionem
1070 2827 1087 2866 a
1100 2806 1217 2867 christo
1231 2808 1310 2866 iusti·

223 2917 324 2968 tutum.
365 2906 488 2965 Materia
500 2907 662 2965 necessaria
672 2906 758 2984 hujus
772 2908 942 2966 sacramenti
956 2917 1000 2965 est
1013 2915 1033 2943 ‘⁶
1045 2909 1127 2984 panis
1142 2908 1267 2966 triticeus
1281 2914 1310 2963 et

224 3009 324 3068 viuum
339 3006 375 3065 de
388 3006 454 3074 vite,
468 3005 516 3064 cui
529 3015 593 3064 ante
606 3007 850 3066 consecrationem
870 3023 942 3079 aqua
954 3005 1151 3064 modicissima
1163 3003 1314 3062 admisceri

224 3101 355 3166 debet.”¹
395 3106 506 3165 Panem
526 3125 544 3163 a
564 3105 683 3164 Christo
705 3105 860 3166 adhibitum
883 3105 913 3164 in
932 3101 1110 3164 conficienda
1132 3100 1314 3162 Eucharistia

224 3216 333 3265 constat
357 3224 395 3265 ex
421 3205 594 3284 evangeliis:
615 3207 698 3283 penis
724 3215 818 3266 autem
839 3205 955 3266 nominc
980 3203 1147 3282 intelligitur
1172 3202 1309 3269 triticeus,

223 3308 333 3380 quoties
357 3307 436 3365 enim
457 3304 492 3364 de
515 3306 570 3365 alia
589 3306 673 3382 panis
694 3308 791 3383 specie
812 3307 913 3385 agitur,
938 3304 1050 3364 additur
1071 3303 1178 3378 aliquid
1198 3301 1310 3362 adeam

224 3405 440 3484 designandam.
471 3403 551 3464 Hinc
564 3404 632 3463 dicit
644 3405 765 3465 Missale
779 3406 942 3465 Romanum
956 3406 987 3463 iu
1000 3405 1135 3463 rubricis:
1158 3404 1214 3461 “si
1227 3404 1309 3480 panis

223 3524 281 3564 non
295 3508 332 3564 sit
345 3506 482 3573 triticeus,
504 3504 550 3562 sel
572 3505 597 3562 si
609 3504 735 3564 triticeus
748 3506 892 3566 admixtus
906 3506 943 3563 sit
956 3504 1054 3583 grauis
1068 3503 1183 3563 alterius
1197 3504 1309 3579 generis
1410 3580 1412 3585 Α

223 3607 253 3664 lu
266 3615 340 3664 tanta
353 3605 520 3678 quantitate,
537 3611 569 3661 ut
583 3621 641 3662 nou
653 3614 767 3664 maneat
778 3607 860 3684 panis
871 3605 1008 3675 triticeus,
1017 3604 1063 3665 vel
1076 3606 1114 3664 sit
1126 3605 1235 3680 alioqui
1249 3623 1310 3664 cor-

223 3715 333 3780 ruptus,
356 3722 415 3764 nou
434 3702 583 3764 conficitur
608 3701 866 3767 sacramentum.”²
905 3705 1087 3766 Eucharistia
1106 3705 1192 3784 igitur
1213 3706 1312 3779 nequit

225 3803 330 3862 confici
343 3821 380 3861 ex
393 3822 481 3880 mano
494 3802 606 3872 Indico,
627 3821 664 3863 ex
684 3823 784 3874 avena,
797 3803 916 3875 hordeo,
930 3806 1020 3874 milio,
1034 3807 1123 3874 oriza,
1137 3805 1309 3883 amygdalis,
1330 3849 1332 3852 .

225 3902 308 3978 pisis,
322 3900 404 3968 sabis,
426 3902 524 3962 aliisve
549 3903 687 3963 smctibus
708 3904 754 3964 vel
775 3905 976 3984 leguminibus,
997 3906 1044 3964 vel
1063 3924 1101 3964 ex
1114 3906 1208 3983 pomis
1222 3913 1312 3967 terrm,

227 3998 312 4076 vulgi
321 4006 468 4077 potatum.
496 4002 618 4070 Quodsi
631 4023 718 4082 grana
730 4005 843 4064 alterius
854 4007 962 4081 speciei
975 4004 1101 4064 admixta
1114 4006 1173 4063 sint
1184 4005 1214 4061 in
1228 4018 1314 4076 parva

229 4099 396 4173 quantitate,
408 4099 586 4161 Eucharistia
594 4114 688 4179 potest
700 4105 813 4174 confici,
824 4106 956 4177 quamvis
969 4101 1125 4163 curandum
1139 4102 1177 4158 sit
1189 4099 1315 4166 omniuo,

225 4209 256 4258 ut
279 4219 367 4276 purus
394 4201 432 4258 sit
457 4210 485 4260 et
504 4203 595 4271 albus,
618 4223 655 4262 ex
676 4205 738 4263 solo
759 4204 851 4262 tritico
872 4205 1035 4262 consectus:
1057 4203 1084 4259 si
1103 4199 1316 4275 immisceamur

227 4317 313 4376 grana
326 4298 396 4360 adeo
411 4310 443 4359 ut
455 4303 578 4362 triticum
592 4322 650 4362 non
664 4303 824 4380 praevaleat,
838 4321 896 4360 non
910 4301 962 4359 erit
974 4299 1078 4358 idonea
1090 4301 1217 4359 materia.
1247 4302 1318 4362 Pec-

366 4522 409 4587 (l)
429 4479 524 4572 ilecret.
535 4535 579 4585 pro
591 4521 713 4572 Armenia.
934 4520 976 4586 (2)
997 4517 1035 4570 De
1046 4517 1184 4572 defectibus.

755 4623 774 4677 7
785 4622 801 4655 a
