3108 5162
398 517 455 580 DE
476 518 795 582 IMPEDIMENTIS
816 517 1091 579 MATRIMONII.
1231 521 1290 579 359

199 691 236 748 sit
248 708 279 747 se
293 706 357 746 esse
374 696 529 765 potentem,
551 697 690 745 excusant
709 706 774 746 cunr
798 688 904 764 plures,
920 687 1077 747 dummodo
1091 697 1204 746 moneat
1218 686 1286 745 alte·

198 809 260 847 rum
275 789 315 846 rei
328 787 431 856 dubita,
446 807 482 845 ne
496 787 590 845 invitae
605 787 733 845 fraudem
747 787 847 845 saciat:
871 795 971 862 putant
984 787 1094 845 seilicet
1107 799 1288 846 sacramento

200 907 258 946 non
271 887 333 944 fieri
353 887 495 964 injuriam,
510 885 586 944 'dum
608 888 783 944 ministratur
802 905 839 943 ex
860 886 999 961 probabili
1019 887 1154 962 opinione
1173 886 1290 954 valoris,

199 1000 319 1064 urgente
333 987 438 1044 ratione
459 984 529 1044 adeo
551 987 639 1062 gravi,
661 985 737 1058 quod
752 984 877 1057 alioquin
891 984 996 1042 coelebs
1010 1003 1161 1044 mansurus
1175 985 1211 1042 sit
1224 1005 1288 1061 per·

200 1095 295 1162 petuo.
338 1085 410 1143 Post
429 1085 639 1143 matrimonium
653 1085 734 1143 datur
755 1085 907 1143 triennium
928 1085 1121 1160 experientiae,
1147 1103 1198 1161 per
1212 1083 1288 1157 quod

199 1185 286 1244 licent
298 1203 399 1242 omnes
416 1193 535 1243 conatus
560 1183 595 1240 ad
620 1185 762 1261 copulam,
783 1183 894 1241 etiarnsi
914 1201 1013 1240 semen
1026 1192 1106 1243 extra
1118 1202 1167 1242 vas
1182 1182 1291 1242 effundi

201 1286 355 1360 contingat,
379 1302 445 1342 nam
461 1285 510 1360 jus
531 1282 672 1341 decernit:
696 1291 758 1341 “ut
771 1303 788 1340 a
802 1291 927 1359 tempore
954 1283 1087 1340 celebrati
1111 1283 1246 1360 conjugii,
1261 1283 1288 1340 si

201 1382 339 1460 frigiditas
353 1384 466 1458 probari
482 1402 539 1440 non
553 1383 653 1458 possit,
668 1382 830 1440 cohabitent
843 1400 893 1456 per
907 1378 1108 1440 triennium.”¹

240 1487 309 1539 205.
332 1481 366 1540 In
386 1481 447 1541 foro
473 1492 591 1540 externo
612 1483 637 1538 si
658 1491 775 1554 uterque
796 1480 916 1537 affirmet
935 1481 1143 1557 impotentiam,
1158 1481 1247 1547 nulle,
1261 1489 1293 1537 ut

201 1581 322 1649 videtur,
336 1580 442 1639 fraudis
463 1581 592 1648 consilio,
608 1589 673 1656 post
686 1580 798 1638 triennii
819 1581 1024 1655 experientiam
1040 1581 1234 1657 juramentum
1256 1579 1291 1638 dc

205 1701 239 1739 ea
261 1682 387 1757 praestari
408 1679 492 1738 debet
512 1681 547 1737 ab
568 1689 698 1752 utroque,
724 1689 891 1756 septemque
911 1680 1064 1756 propinqui
1085 1689 1132 1738 aut
1151 1679 1236 1758 ricini
1257 1697 1294 1735 ex

200 1791 317 1853 utraque
340 1789 417 1856 parte
436 1781 522 1856 jurati
542 1788 680 1836 testantur
703 1799 734 1837 se
750 1779 788 1836 ita
812 1778 964 1847 audivisse,
980 1780 1026 1836 vel
1048 1779 1162 1837 eredere
1181 1778 1293 1849 utrique

204 1879 349 1937 referenti.
391 1879 425 1936 Si
450 1880 581 1938 alteruter
606 1888 700 1955 neget,
715 1879 796 1936 datur
816 1899 833 1935 a
851 1877 948 1954 judice
976 1879 1090 1936 triennii
1110 1877 1293 1954 experientia,

204 1998 267 2052 quae
280 1997 332 2055 per
343 1977 511 2055 plerumque
531 1979 666 2054 temporis
681 1977 839 2036 continuari
859 1977 961 2034 debet:
984 1995 1039 2049 qua
1051 1977 1155 2044 habita,
1170 1977 1196 2034 si
1217 1974 1294 2048 quod

205 2077 325 2136 affirmat
337 2078 389 2147 vir,
404 2079 508 2136 mulier
521 2087 617 2154 neget,
632 2079 771 2153 inspectio
789 2075 895 2156 judicis
909 2077 1072 2134 auctoritate
1083 2068 1156 2134 solet
1169 2075 1295 2152 praecipi,

203 2187 234 2235 ut
246 2169 351 2236 medici
365 2177 400 2234 de
414 2177 485 2244 viro,
500 2178 664 2235 obstetrices
679 2177 723 2234 vel
743 2186 877 2235 matronae
898 2176 960 2234 aliae
973 2175 1009 2233 de
1031 2176 1148 2234 muliere
1161 2175 1294 2234 referant.

205 2275 237 2334 Si
249 2277 350 2334 veritas
361 2275 455 2333 adhuc
469 2275 552 2333 dubia
565 2277 611 2343 sit,
623 2277 683 2334 viro
694 2276 843 2333 affirmanti
856 2277 952 2351 potius
966 2275 1138 2334 credendum
1149 2284 1210 2332 est:
1233 2273 1297 2330 “Si
1363 2331 1368 2338 ,

203 2376 248 2432 vir
261 2374 364 2432 dixerit
377 2375 453 2448 quod
466 2393 584 2433 uxorem
604 2394 685 2433 suam
706 2375 880 2452 cognoverit,
897 2383 925 2432 et
945 2374 1046 2432 mulier
1066 2374 1218 2451 negaverit,
1233 2374 1296 2430 viro

204 2473 275 2533 fides
289 2482 333 2531 est
345 2473 511 2541 adhibenda,
526 2476 551 2532 si
571 2475 599 2532 id
613 2475 767 2533 firmaverit
786 2466 997 2550 juramento.'’²
1037 2476 1071 2533 ln
1095 2473 1181 2531 dubio
1198 2481 1293 2530 utrum

206 2573 416 2632 matrimonium
449 2584 677 2632 consummatum
707 2573 801 2642 fuerit,
836 2573 1016 2648 praesumitur
1042 2573 1130 2631 fuisse
1163 2589 1296 2629 consum-

202 2682 323 2748 matum,
345 2674 401 2731 nisi
425 2675 589 2750 oppositum
612 2673 755 2749 probetur.
805 2672 840 2732 ln
872 2673 934 2732 foro
965 2671 1075 2731 interno
1099 2672 1202 2745 cuique
1225 2671 1297 2730 fides

206 2773 295 2831 datur.

244 2875 314 2930 206.
335 2871 457 2938 Quando
477 2880 588 2930 constat
607 2871 730 2944 aliquem
752 2864 817 2930 esse
838 2873 1033 2948 impotentem,
1049 2871 1188 2930 dubitatur
1201 2879 1294 2928 autem

207 2979 299 3029 utrum
319 2971 484 3048 impotentia
504 2973 681 3047 precesserit
694 2972 883 3039 matrimonio,
898 2971 1070 3047 probabilius
1092 2980 1210 3028 censent
1229 2989 1299 3028 non-

206 3070 276 3128 nulli
288 3070 447 3130 habendam
461 3089 524 3128 essc
545 3071 768 3138 antecedentem,
784 3071 966 3147 praesumitur
980 3070 1056 3126 enim
1076 3087 1139 3126 esse
1160 3069 1295 3125 naturalis

206 3170 268 3246 ejus
283 3169 420 3238 conditio,
436 3170 491 3228 nisi
505 3168 612 3242 aliquid
627 3169 743 3228 suadeat
755 3189 819 3228 earn
841 3179 906 3246 post
925 3168 1134 3227 matrimonium
1158 3166 1300 3233 evenisse,

206 3270 248 3327 uti
261 3270 286 3326 si
299 3271 414 3328 morbus
429 3270 521 3345 gravis
533 3270 560 3327 ei
574 3269 734 3346 eontigerit,
746 3270 790 3326 vel
804 3269 925 3328 testiculi
936 3267 1049 3326 contusi
1057 3285 1124 3324 casu
1139 3265 1297 3324 videantur.

206 3368 291 3435 Quod
306 3369 330 3426 si
344 3376 454 3426 constet
466 3369 660 3446 impotentiam
674 3370 856 3445 precessisse
868 3368 1059 3434 matrimonio,
1072 3375 1100 3423 et
1112 3384 1176 3423 esse
1190 3366 1299 3424 absolu·

205 3479 262 3527 tam
284 3475 312 3524 et
337 3477 514 3544 perpetuam,
529 3470 655 3544 separari
679 3469 793 3536 debent,
808 3488 865 3526 non
886 3469 962 3525 enim
980 3475 1047 3524 sunt
1069 3466 1129 3523 veri
1150 3465 1297 3541 conjuges.

207 3565 352 3642 Indulgeri
367 3566 481 3638 quidem
496 3576 589 3642 potest
601 3567 754 3640 aliquando
768 3577 798 3626 ut
821 3567 906 3625 simul
926 3566 1060 3632 habitent,
1076 3583 1112 3622 ne
1127 3563 1191 3622 cnm
1213 3565 1301 3622 nimia

210 3665 381 3725 verecundia
396 3667 564 3743 impotentia
586 3667 764 3734 innotescat;
785 3666 837 3725 sed
860 3667 889 3724 id
911 3684 1056 3739 nunquam
1080 3664 1300 3742 permittendum

206 3765 275 3825 dicit
293 3765 326 3823 S.
342 3765 508 3842 Alphonsus
530 3775 595 3842 post
617 3767 806 3836 Merbesium,
821 3767 877 3825 nisi
899 3767 956 3826 sint
975 3759 1087 3825 εεηεε.3
1127 3764 1299 3824 Nullatenus

208 3865 310 3940 poterit
321 3865 357 3922 iis
379 3867 504 3940 permitti
518 3876 549 3923 ut
570 3875 660 3924 tactus
680 3867 842 3943 impudicos
863 3866 996 3933 habeant,
1011 3866 1056 3924 vel
1083 3864 1152 3920 alias
1173 3863 1301 3938 conjugii

203 3963 317 4041 juribus
342 3973 472 4021 utantur:
494 3963 572 4036 quod
597 3967 622 4023 si
649 3967 685 4023 ob
705 3974 915 4042 paupertatem,
930 3973 958 4020 ct
981 3962 1016 4020 ad
1039 3959 1187 4019 celandum
1215 3955 1300 4018 suum

207 4061 342 4130 dedecus,
369 4062 470 4122 codem
496 4073 609 4121 utantur
635 4066 719 4130 lecto,
734 4073 800 4121 tunc
823 4071 931 4119 tanturn
956 4060 1060 4126 licebit,
1088 4057 1201 4131 quando
1223 4061 1303 4117 abest

206 4162 364 4240 periculum
391 4162 519 4222 libidinis
532 4183 547 4220 r·
562 4163 640 4236 quod
662 4164 760 4220 abesse
781 4163 879 4220 forsan
899 4160 1012 4236 poterit,
1033 4159 1201 4236 plerumque
1223 4159 1301 4216 enim

247 4382 290 4450 (l)
309 4380 340 4433 0.
351 4379 519 4446 Laudabilem‚
531 4381 560 4434 de
565 4381 662 4452 frigid.
798 4383 840 4448 (2)
861 4380 891 4430 Ο.
904 4378 1089 4439 continebatur,
1099 4377 1129 4429 de
1140 4375 1208 4446 desp·
1219 4375 1282 4446 imp·

614 4467 656 4532 (a)
676 4465 778 4516 aven.
793 4468 867 4514 rior.
