3108 5162
267 509 327 566 asc
532 578 535 584 ,
645 500 786 562 carun
807 499 990 562 unrcum.

269 679 387 730 rantur.
404 711 436 728 ..
458 669 492 729 st
519 687 587 727 vero
612 687 670 728 non
689 669 746 726 nisi
765 678 831 746 post
854 686 960 727 aunum
986 687 1003 724 a
1021 669 1205 744 susceptione
1229 667 1381 744 postremi

269 769 373 848 medus
388 769 530 828 minorum
544 767 675 826 ordinum
698 767 733 826 ad
754 786 850 826 sacros
870 765 984 826 ordines
999 777 1233 842 promoveantur,
1252 767 1318 825 nisi
1332 783 1381 822 ne-

268 870 398 936 cessitas,
414 878 462 926 aut
475 867 616 927 Ecclesiae
630 867 745 934 utilitas,
763 866 873 944 judicio
893 866 1033 944 episcopi,
1049 865 1124 925 aliud
1137 874 1301 942 exposcat.
1319 907 1328 922 .
1346 905 1353 921 .
1370 905 1377 920 .

270 969 399 1028 Promoti
414 965 575 1026 adsacrum
595 965 816 1025 subdiaconatus
837 965 978 1034 ordinem,
993 965 1018 1022 si
1031 984 1198 1042 perannum
1214 965 1333 1022 saltem
1348 965 1379 1020 in

270 1087 307 1128 eo
320 1087 379 1128 ucu
393 1067 451 1126 siut
463 1067 577 1132 versati,
602 1065 637 1124 ad
657 1066 784 1123 altiorem
805 1065 933 1143 gradum,
948 1065 1005 1124 nisi
1027 1064 1103 1122 aliud
1115 1065 1263 1142 episcopo
1278 1061 1379 1120 videa·

271 1179 325 1236 tur,
346 1165 500 1226 ascendere
521 1183 579 1224 non
600 1164 826 1242 permittantur.''
840 1207 848 1221 .
864 1163 982 1224 ..“Ad
996 1164 1214 1240 Presbyteratus
1231 1162 1377 1222 ordinem

272 1273 473 1325 assumuntur.
489 1305 497 1322 .
514 1306 521 1322 .
537 1265 606 1338 qui.
622 1305 630 1321 .
647 1265 675 1322 in
689 1263 837 1322 diaconatu
857 1263 893 1322 ad
907 1266 1002 1322 minus
1017 1281 1122 1321 annum
1136 1263 1301 1341 integrum,
1318 1259 1376 1318 nisi

222 1343 225 1350 ¹
270 1365 307 1423 ob
327 1362 468 1422 Ecclesia
487 1364 648 1432 utilitatem,
663 1383 696 1422 uc
720 1363 930 1431 necessitatem,
951 1361 1027 1421 aliud
1047 1363 1185 1439 episcopo
1204 1362 1377 1425 videretur,

269 1459 539 1522 ministraret-inum
580 1463 653 1521 Haec
679 1462 714 1520 de
744 1460 873 1522 ordinum
901 1461 1058 1520 interstitiis
1084 1464 1180 1519 statuit
1205 1460 1374 1520 concilium

269 1561 484 1629 Tridentiuum,
494 1561 606 1638 judicio
620 1562 819 1639 episcoporum
835 1580 869 1619 ca
882 1562 1059 1636 permittens.
1099 1560 1230 1620 Minores
1246 1559 1374 1620 ordines

266 1661 366 1720 dantur
386 1661 421 1717 iis
444 1662 493 1734 qui
507 1661 613 1720 bonum
633 1661 827 1719 testimonium
842 1681 857 1718 a
871 1662 996 1737 parocho
1010 1668 1039 1718 et
1051 1660 1194 1736 magistro
1208 1660 1328 1718 scholae
1343 1657 1372 1715 in

267 1781 323 1836 qna
335 1759 489 1818 educantur
502 1759 617 1819 habent.

309 1864 359 1919 ct.
381 1860 492 1919 Eorum
507 1860 557 1932 qui
570 1859 606 1918 ad
621 1877 717 1918 sacros
731 1859 845 1918 ordines
859 1868 925 1918 sunt
938 1857 1101 1918 assumendi
1114 1859 1229 1918 nomina
1245 1865 1319 1916 sunt
1338 1857 1367 1913 in

271 1960 395 2020 ecclesia
405 1959 559 2026 recitanda,
570 1958 646 2032 quod
660 1959 731 2015 solet
740 1959 802 2016 fieri
817 1968 857 2017 ter
865 1960 964 2017 diebus
975 1957 1136 2025 dominicis,
1144 1958 1190 2015 vel
1200 1959 1297 2026 sestis,
1307 1963 1373 2014 ante

268 2059 487 2126 ordinationem,
502 2068 533 2116 ut
545 2058 579 2117 de
593 2075 690 2114 eorum
702 2058 850 2125 natalibus,
865 2067 955 2126 aetate,
970 2057 1106 2124 moribus,
1121 2067 1149 2113 et
1159 2059 1215 2115 vita
1227 2046 1369 2116 constet²

268 2157 337 2214 Mos
351 2156 397 2212 hic
412 2155 488 2232 apud
500 2175 553 2214 nos
567 2174 624 2214 non
638 2156 753 2214 obtinet.

308 2259 357 2313 35.
379 2253 503 2313 Ordines
518 2273 640 2333 majores
649 2247 769 2314 'nonnisi
783 2265 903 2328 quatuor
916 2258 983 2315 anni
998 2255 1182 2331 temporibus,
1193 2265 1222 2314 et
1235 2256 1365 2314 Sabbatc

269 2353 311 2414 ad
327 2353 480 2422 citienses,
496 2367 525 2413 et
545 2355 667 2413 Sabbato
688 2356 793 2414 Sancto
813 2356 977 2415 conferendi
996 2364 1078 2412 sunta
1100 2354 1213 2412 ordines
1233 2358 1364 2414 minores

269 2455 397 2527 qualibet
409 2454 455 2513 die
476 2455 641 2522 Dominica,
655 2464 685 2512 et
707 2455 779 2512 sesto
794 2454 910 2530 duplici,
924 2455 960 2512 de
979 2463 1122 2530 precepto
1149 2449 1271 2513 tamem³
1306 2450 1366 2510 Sed

269 2555 415 2630 episcopis
429 2554 628 2612 foederatarum
643 2554 852 2628 provinciarum
867 2553 1029 2630 indulgetur
1043 2564 1075 2609 ut
1087 2552 1200 2611 ordines
1215 2553 1365 2611 conferant

269 2663 351 2709 extra
365 2663 507 2727 tempora:
524 2660 696 2728 quapropter
709 2650 820 2708 videtur
833 2651 919 2711 licere
935 2672 986 2711 eos
1007 2651 1135 2710 conferre
1155 2652 1285 2724 quolibet
1304 2651 1360 2716 die,

268 2768 322 2825 pro
336 2767 419 2820 aequo
433 2750 561 2825 episcopi
583 2749 706 2805 arbitrio.
737 2731 943 2827 ¹Episcopatus
963 2751 1078 2810 nonnisi
1092 2752 1121 2808 in
1135 2751 1215 2808 lestis
1236 2753 1360 2829 Aposto-

267 2848 372 2915 lorum,
390 2847 436 2906 vel
450 2847 496 2905 die
510 2847 675 2914 Dominica,
690 2847 882 2906 conserendus
895 2861 948 2908 cst.

307 2950 356 3005 36.
377 2946 410 3005 Si
429 2947 583 3024 episcopus
609 2947 724 3005 ordines
751 2949 902 3007 collaturus
928 2959 1100 3026 protestetur
1125 2968 1157 3006 se
1177 2968 1235 3010 non
1256 2950 1359 3008 habere

243 3088 246 3094 .
268 3047 454 3107 intentionem
474 3047 624 3106 ordinandi
644 3049 824 3125 irregulares,
839 3050 1114 3116 excommunicatos,
1130 3050 1176 3106 vel
1199 3050 1254 3107 alio
1274 3058 1357 3124 pacto

267 3147 414 3224 indignos,
425 3167 462 3206 ex
475 3148 539 3225 ejus
553 3147 709 3206 intentione
720 3147 905 3225 repetendum
916 3167 979 3206 esse
988 3159 1080 3206 utrum
1089 3167 1155 3206 vere
1164 3149 1222 3206 sint
1229 3147 1358 3212 ordinati,

267 3246 351 3306 docet
371 3247 545 3306 Benedictus
560 3241 661 3304 XlV.⁴
673 3258 701 3304 et
714 3247 746 3304 S.
763 3247 956 3324 congregatio
976 3247 1080 3323 saepius
1094 3249 1133 3305 ita
1152 3247 1355 3305 determinasse

267 3344 387 3414 dicitur3
402 3346 453 3405 sed
461 3346 625 3423 hujusmodi
637 3348 812 3423 protestatio,
822 3347 1023 3404 etintentionis
1034 3345 1229 3405 determinatio
1243 3347 1359 3404 omnino

266 3446 451 3521 reprobandae
471 3456 547 3514 sunt,
568 3465 635 3504 nam
656 3446 758 3504 dubios
784 3445 892 3504 faciunt
910 3446 1034 3513 ordines,
1055 3446 1101 3504 vel
1126 3445 1277 3513 invalidos,
1291 3464 1356 3504 cum

267 3561 373 3618 magno
386 3543 515 3603 fidelium
527 3544 705 3603 detrimento.

307 3643 355 3697 37.
378 3641 436 3705 Qui
455 3640 527 3699 duos
548 3661 644 3699 sacros
658 3643 772 3700 ordines
786 3643 887 3701 eodem
899 3635 948 3703 ¹die
962 3646 1089 3721 suscipit,
1109 3645 1226 3704 incurrit
1239 3663 1357 3722 suspen·

265 3737 377 3794 sionem
392 3738 425 3795 ab
439 3755 538 3797 eorum
552 3741 697 3809 exercitio,
713 3752 741 3798 et
755 3741 786 3796 tit
798 3741 987 3818 irregularis.⁵
1018 3745 1076 3810 Qui
1090 3745 1119 3802 in
1133 3745 1249 3803 sabbato
1266 3763 1355 3803 unum

265 3855 375 3896 sacrum
402 3836 533 3897 ordinem
559 3839 727 3915 susciperet,
754 3849 784 3897 et
808 3843 838 3900 iu
865 3841 1028 3911 Dominica,
1056 3845 1220 3902 continuato
1242 3845 1357 3920 jejunio

265 3938 466 4020 ecclesiasticp,
482 3939 611 4007 alterum,
623 3939 737 3998 fictione
747 3941 821 4019 juris
833 3961 883 4000 eos
904 3943 1006 4001 eodem
1019 3942 1065 4000 die
1079 3944 1210 4021 suscipit,
1222 3957 1250 4001 et
1263 3943 1356 4001 incur·

229 4037 302 4116 ·'·rit
322 4031 582 4117 irregularitatem.⁶
621 4039 655 4097 ld
677 4059 745 4099 vero
768 4059 826 4100 non
852 4040 1078 4120 intelligendum,
1100 4043 1214 4116 quando
1238 4041 1355 4100 habetur

283 4127 298 4150 ⁴
325 4123 327 4132 ,

302 4197 344 4262 (l)
364 4197 428 4246 Sess.
440 4197 510 4247 xxiii.
521 4214 543 4248 c.
554 4198 587 4247 xi
598 4205 622 4247 ct
633 4215 682 4263 seq.
771 4203 812 4268 (2)
834 4201 911 4250 Gonc.
923 4199 990 4249 Trid.
1002 4164 1073 4249 Sess,
1079 4201 1148 4250 xxiii.
1159 4217 1211 4265 cap.
1223 4217 1247 4250 v.
1258 4201 1288 4251 de
1299 4200 1351 4250 Res.

298 4282 340 4345 (3)
360 4283 386 4328 S.
398 4282 472 4347 Alph.
484 4284 500 4332 l.
509 4284 540 4332 vi.
553 4299 579 4333 n.
590 4286 647 4336 ret.
763 4289 806 4352 (4)
826 4287 864 4335 De
876 4287 942 4336 Sacr.
954 4285 1023 4337 Miss.
1035 4287 1099 4336 Seet.
1110 4287 1135 4336 ii.
1148 4291 1170 4346 ξ.
1183 4290 1223 4336 70.

301 4366 343 4432 (5)
363 4364 397 4440 ί).ι
404 4366 521 4428 innotuit,
533 4368 563 4418 de
574 4384 600 4419 eo
612 4369 770 4438 quisurtiae,
782 4378 807 4420 et
818 4373 849 4422 O.
860 4371 970 4433 Litteras,
981 4387 1010 4422 ec
1019 4371 1050 4423 G.
1062 4371 1171 4422 Dilectus
1180 4372 1210 4423 de
1221 4380 1294 4438 temp.
1302 4370 1350 4421 ord

296 4450 338 4514 (6)
357 4447 468 4510 Litteras,
480 4467 533 4515 sup.
545 4453 585 4502 cit.

1515 3338 1519 3389 l
