3144 5192
236 530 292 586 184
563 520 619 580 DE
643 519 993 581 SATISFAOTIONE.

234 693 267 750 Si
281 691 352 749 levis
365 689 404 747 sit
421 687 596 766 poenitentia,
610 689 678 748 licet
697 688 794 766 gravia
807 688 909 746 delicta
922 687 1062 746 declarata
1074 687 1134 746 sint
1152 687 1323 755 confitendo,

233 791 310 864 quod
319 787 472 862 aliquando
482 787 620 865 contingit
627 789 663 847 ob
673 788 870 846 vehementem
883 787 1046 864 poenitentis
1056 787 1265 855 contritionem,
1279 787 1324 844 vel

233 889 425 948 infirmitatem
438 888 575 963 corporis,
585 887 630 944 vel
638 887 721 946 aliam
733 886 897 965 hujusmodi
907 905 1033 954 causam,
1041 903 1104 944 eam
1115 888 1244 946 omittere
1255 904 1325 945 non·

233 990 290 1049 nisi
305 987 426 1046 venialis
440 985 550 1044 videtur
563 987 666 1062 culpa;
688 985 818 1061 quamvis
839 985 969 1045 nonnulli
982 1003 1045 1044 eam
1059 1002 1173 1061 gravem
1190 995 1325 1044 censeant

235 1091 271 1146 ob
285 1105 399 1146 causam
412 1095 528 1163 propter
541 1104 624 1159 quarn
639 1087 773 1162 imposita
786 1093 837 1142 est.

277 1191 344 1244 111.
367 1184 537 1244 Poenitentia
557 1184 627 1242 levis
643 1185 678 1242 ob
691 1185 782 1243 levem
804 1184 917 1260 culpam
937 1184 1064 1261 injuncta
1083 1184 1230 1252 omittitur,
1240 1183 1325 1261 juxta

235 1287 397 1362 plerosque,
412 1283 517 1355 absque
538 1285 618 1360 gravi
638 1294 775 1360 peccato:
797 1292 826 1340 et
844 1284 869 1340 si
886 1283 1050 1359 poenitentia
1068 1285 1162 1359 gravis
1176 1283 1212 1340 ob
1230 1284 1325 1341 levem

235 1384 348 1460 culpam
371 1383 497 1459 injuncta
513 1382 607 1450 fuerit,
630 1402 667 1440 u:
689 1403 717 1460 g.
759 1381 880 1440 Litaniae
903 1392 1066 1441 sanctorum
1088 1383 1124 1441 ob
1145 1381 1325 1441 mendacium

231 1485 377 1561 jocosum,
398 1481 511 1540 nonnisi
531 1483 641 1541 veniale
662 1483 771 1540 videtur
790 1500 854 1564 eam
875 1481 1023 1549 omittere,
1044 1482 1192 1540 nonenim
1214 1481 1325 1539 videtur

236 1600 348 1654 aequum
370 1599 455 1658 grave
476 1600 549 1640 onus
570 1581 671 1640 leviori
691 1581 781 1656 culpae
803 1580 961 1638 adnectere.
1004 1579 1178 1647 Oaeteruum,
1200 1582 1327 1656 “siper

236 1681 366 1738 accidens
375 1680 762 1758 peceataillavenialiavalde
771 1671 1323 1755 disponerentpoenitentemtaomortale,

238 1789 303 1838 tunc
318 1789 416 1856 posset
429 1778 618 1838 confessarius
632 1797 747 1855 gravem
762 1779 788 1836 ei
803 1779 951 1862 imponere
965 1778 1170 1853 paenitentiam,
1185 1788 1217 1835 ut
1229 1779 1324 1854 ipsum
1395 1767 1400 1774 ’

236 1890 381 1938 removeat
393 1899 409 1936 a
419 1879 546 1954 periculo
560 1877 698 1955 peccandi
711 1877 884 1936 mortaliter:
906 1886 935 1934 et
947 1885 1013 1935 tunc
1024 1878 1163 1935 tenebitur
1176 1878 1325 1954 penitens,

237 1979 262 2036 si
286 1980 354 2037 velit
373 1978 492 2045 absolvi,
517 1978 593 2036 illam
614 1986 758 2054 acceptare
779 1985 807 2033 et
826 1975 994 2053 adimplere.
1037 1977 1177 2034 Praeterea
1196 1974 1320 2034 censeo''

239 2075 285 2156 (S.
300 2077 466 2154 Alphcnsus
479 2073 615 2156 loquitur)
632 2073 777 2148 “quodsi
791 2076 933 2151 poenitens
943 2093 995 2151 pro
1009 2075 1173 2134 mortalibus
1186 2074 1325 2133 confessis
1409 2137 1413 2143 ,

238 2176 411 2254 condignam
432 2193 489 2234 nou
509 2177 597 2252 egerit
617 2174 823 2252 penitentiam,
839 2183 904 2232 tunc
924 2175 950 2232 si
970 2175 1070 2233 iterum
1091 2174 1190 2233 eadem
1211 2183 1327 2250 peccata

238 2275 365 2334 clavibus
380 2274 522 2351 subjiciat,
536 2275 609 2334 bene
623 2275 726 2350 poterit
740 2273 929 2332 confessarius
944 2292 1059 2352 gravem
1077 2273 1224 2352 injungere
1238 2273 1327 2350 poeni·

239 2377 367 2442 tentiam,
382 2383 410 2431 et
423 2377 575 2450 poenitens,
589 2375 614 2432 si
629 2383 767 2452 acceptet,
776 2381 887 2432 tenetur
900 2391 963 2431 eam
973 2367 1140 2450 implere.’'¹
1181 2373 1327 2447 Equidem

239 2474 414 2533 confessario
440 2473 596 2532 curandum
622 2483 675 2540 est,
702 2483 732 2531 ut
757 2473 924 2550 poenitentia
948 2473 1121 2549 respondeat
1142 2473 1277 2532 crimini:
1298 2481 1327 2530 et

239 2575 402 2650 poenitentis
411 2574 535 2632 studium
548 2575 577 2630 in
588 2574 632 2630 sui
641 2573 788 2649 punitione
799 2572 904 2629 versari
918 2571 1011 2640 debet,
1021 2573 1106 2644 quiet
1119 2571 1222 2630 humili¹
1233 2571 1329 2628 animo
1410 2596 1412 2599 ·

238 2672 461 2748 debctamplecti
473 2689 659 2745 quaecumque
668 2671 722 2728 sibi
732 2671 906 2729 occurrerint
915 2671 1042 2729 adversa.
1084 2670 1134 2728 Sic
1148 2668 1241 2728 David
1255 2669 1326 2727 clim

239 2769 362 2845 placavit
374 2768 480 2838 Deum,
495 2788 634 2827 aerumnas
648 2769 714 2828 forti
727 2779 756 2828 ct
768 2771 885 2846 patienti
898 2771 993 2829 animo
1006 2769 1110 2828 serens.
1142 2825 1145 2831 .

281 2871 348 2925 112.
370 2867 466 2926 Etiam
476 2869 735 2946 temporeJubilaei‚
745 2868 849 2928 etdum
860 2868 1042 2947 indulgentiae
1050 2870 1112 2928 aliae
1121 2867 1326 2935 conceduntur,

237 2967 401 3045 poenitentia
414 2968 444 3026 in
458 2968 637 3028 confessione
651 2968 825 3047 injungenda
837 2969 953 3037 estetsi
966 2969 1066 3037 levior,
1078 2977 1110 3026 ut
1122 2975 1328 3026 sacramentum

232 3059 370 3126 'mancum
394 3068 511 3137 nonsit,
526 3077 554 3126 et
567 3077 598 3126 ut
613 3069 676 3145 ipsa
695 3069 869 3144 poeniteutiae
883 3069 982 3136 virtus,
997 3086 1060 3142 quae
1081 3067 1117 3126 ad
1137 3067 1327 3144 indulgentias

236 3166 386 3236 lucrandas
400 3169 560 3227 necessaria
572 3177 625 3236 est,
638 3161 791 3226 foveatur.²

234 3306 238 3312 -
280 3271 347 3324 113.
369 3266 540 3326 Poenitentia
554 3265 742 3343 persolvenda
754 3274 932 3343 esttempore
943 3287 959 3324 a
972 3268 1148 3328 confessario
1162 3267 1326 3344 designato:

237 3364 313 3437 quod
328 3367 353 3423 si
367 3366 475 3424 omissa
494 3367 578 3425 inerit
590 3385 669 3435 casu,
684 3367 730 3424 vel
750 3366 844 3444 culpa,
858 3368 913 3425 erit
932 3366 1068 3443 deinceps
1089 3367 1260 3445 peragenda,
1274 3365 1330 3422 nisi

237 3463 322 3522 fuerit
335 3465 391 3523 diei
405 3465 526 3544 alligata.
569 3466 743 3538 Plerumque
756 3466 871 3538 quidem
892 3466 949 3525 diei
966 3467 1125 3544 designatio
1139 3465 1175 3523 ad
1194 3463 1329 3544 praecepti

240 3564 425 3621 substantiam
441 3583 499 3622 non
520 3566 651 3641 pertinet,
666 3575 694 3622 et
706 3563 771 3622 ideo
786 3563 832 3624 die
852 3566 951 3641 elapso
965 3577 1063 3626 manet
1083 3566 1218 3642 obligatio
1238 3563 1328 3639 poeni·

235 3660 329 3717 tentiae
344 3660 521 3738 peragendae.
562 3662 671 3721 Dilatio
681 3664 754 3721 ultra
768 3681 897 3723 mensem
909 3684 925 3722 a
939 3674 1067 3743 ternpore
1081 3664 1221 3742 praetinito.
1232 3662 1326 3738 gravis

235 3758 380 3836 plerisque
400 3758 527 3817 videtur:
549 3763 792 3830 communionem,
815 3783 878 3837 quae
898 3765 1019 3842 singulis
1033 3765 1179 3823 mensibus
1200 3762 1327 3839 injuncta

238 3868 283 3916 cst
296 3857 434 3927 facienda,
448 3859 521 3916 ultra
541 3863 559 3916 6
572 3860 618 3917 vel
631 3865 660 3918 8.
675 3860 735 3919 dies
760 3861 874 3921 differre
894 3875 939 3922 est
951 3883 1046 3940 grave.
1089 3861 1211 3931 Quando
1225 3859 1326 3919 modus

233 3958 406 4036 poenitcntiae
432 3959 628 4036 persolvendae
655 3980 671 4018 a
693 3962 868 4041 confessario
891 3962 1025 4020 definitus
1048 3972 1106 4021 est:
1128 3981 1161 4018 v:
1183 3981 1221 4040 g:
1243 3959 1327 4018 flexis

234 4059 365 4135 genibus,
380 4057 501 4117 brachiis
515 4059 661 4127 extensis;
682 4059 728 4118 vel
745 4061 826 4120 locus
839 4063 869 4120 in
883 4080 939 4134 quo
955 4061 1084 4122 facienda
1097 4063 1143 4129 sit,
1158 4069 1257 4138 peccat
1269 4076 1327 4136 pne·

232 4157 327 4217 nitens
339 4178 404 4218 etun
415 4158 604 4237 negligendo:
620 4159 671 4217 sed
681 4179 717 4219 ex
731 4161 871 4239 adjunctis
882 4161 923 4219 rei
936 4161 1150 4238 dijudicandum
1164 4170 1218 4230 est,
1233 4168 1327 4219 utrum

232 4257 334 4316 modus
348 4260 401 4316 sub
415 4259 494 4336 gravi
507 4259 621 4337 obliget.

267 4397 309 4480 (1)
329 4413 441 4478 sarpa
453 4416 512 4468 tvi.
524 4433 549 4468 n.
561 4419 619 4469 sir.

272 4499 314 4564 (2)
334 4497 427 4548 Bened.
437 4499 507 4550 XIV.
518 4501 597 4566 Epist
604 4502 749 4567 Encyclicar
763 4502 832 4557 Inter
833 4506 984 4572 preteritas.
995 4505 1061 4557 Bull.
1073 4510 1090 4554 t.
1101 4504 1136 4555 iii.
1146 4519 1172 4572 p.
1187 4505 1243 4564 170,
1250 4505 1274 4564 §-
1283 4502 1324 4552 65.
