3172 5172
551 1399 883 1475 TRAOTATUS
927 1397 1039 1474 XIX.

592 1673 654 1738 DE
677 1671 989 1738 POENITENTIA.

647 1935 952 1948 m

700 2139 843 2202 orror
863 2142 888 2236 r.

605 2357 644 2397 nu
664 2357 859 2411 siruamus
879 2356 988 2397 rosus.

296 2525 322 2579 l.
344 2518 522 2581 penitentis
548 2517 636 2576 virtus
658 2518 688 2578 in
717 2536 752 2578 ea
771 2518 861 2578 animi
884 2517 1073 2596 dispositione
1094 2514 1187 2593 posita
1207 2522 1261 2583 est,
1288 2532 1344 2588 qua

255 2620 342 2682 horno
354 2620 391 2679 dc
404 2626 522 2698 peccato
535 2617 662 2678 admisso
675 2617 753 2679 dolet
764 2619 802 2679 ob
815 2617 912 2680 Deum
925 2618 1078 2684 offensum,
1093 2614 1220 2690 illudque
1234 2616 1264 2674 in
1278 2633 1344 2693 pos·

254 2729 345 2780 tarum
370 2721 458 2779 vitare
483 2718 629 2797 proponit,
656 2727 686 2777 et
704 2736 757 2796 pro
781 2720 891 2779 viribus
916 2719 1086 2779 satisfacere.
1127 2715 1343 2776 Sacramentum

255 2820 428 2898 poenitentia
441 2828 485 2878 est
496 2821 567 2879 ritus
594 2838 611 2878 a
630 2815 750 2878 Christo
775 2819 931 2889 institutus,
952 2838 1009 2894 quo
1029 2825 1148 2896 peccata
1160 2827 1227 2895 post
1238 2817 1343 2894 baptis·

255 2937 335 2979 mum
349 2919 474 2979 admissa
486 2919 688 2997 poenitentibus
701 2919 890 2989 remittuntur,
904 2919 1058 2978 sacerdotis
1069 2919 1237 2977 ministerio.
1260 2925 1279 2953 “
1290 2915 1346 2974 Est

255 3019 413 3080 autamhoc
421 3027 628 3080 sacramentum
638 3018 812 3098 poenitentiae
822 3020 911 3098 lapsis
920 3029 989 3097 post¹
996 3016 1169 3094 baptismum
1180 3015 1215 3074 ad
1225 3014 1345 3073 salutem

256 3120 459 3188 necessarium,
480 3127 511 3179 ut
532 3118 661 3180 nondum
680 3120 855 3198 regeneratis
875 3120 938 3196 ipse
958 3110 1167 3195 baptismus.”1
1206 3114 1250 3173 Ita
1262 3111 1347 3172 docet

255 3219 408 3278 concilium
420 3217 634 3280 Tridentinum.
678 3219 911 3278 “Necessarium
930 3216 1007 3288 cst‚”
1031 3217 1123 3290 inquit
1147 3213 1180 3272 S.
1202 3212 1344 3281 Thomas,

259 3317 464 3378 “adsalutem
491 3319 648 3397 peccatoris
668 3319 746 3393 quod
766 3328 915 3396 peccatum
940 3323 1116 3378 removeatur
1135 3314 1169 3373 ab
1195 3331 1247 3372 eos
1269 3310 1346 3386 quod
1422 3355 1424 3358 -

255 3416 370 3490 quidem
382 3435 440 3478 non
452 3425 548 3496 potes't
566 3418 630 3477 fieri
642 3419 704 3478 sine
717 3419 892 3496 poenitentiae
904 3424 1092 3486 sacramento,
1104 3415 1201 3488 inquo
1214 3421 1346 3490 operatur

255 3518 344 3578 virtus
370 3519 515 3596 passionis
542 3516 653 3577 Christi
677 3536 730 3596 per
755 3517 962 3578 absolutionem
988 3516 1142 3576 sacerdotis
1167 3512 1253 3573 simul
1279 3531 1345 3572 cum

255 3635 341 3695 opere
355 3619 530 3696 poenitentis
550 3618 600 3692 qui
620 3627 789 3696 cooperatur
807 3619 902 3697 gratia
922 3618 958 3678 ad
980 3617 1203 3678 destructionem
1225 3615 1344 3692 peccati.

258 3717 340 3778 Sicut
362 3719 441 3778 enim
463 3717 532 3776 dicit
551 3718 729 3796 Augustinus
749 3736 836 3796 super
854 3718 1014 3780 Joannem:
1038 3719 1114 3786 ‘Qui
1126 3716 1272 3778 creavitte
1285 3718 1348 3779 sine

260 3825 298 3885 te,
311 3834 371 3876 non
380 3817 548 3894 iustificabit
559 3827 586 3876 te
598 3820 662 3878 sinc
675 3817 724 3878 tc.⁹
766 3817 939 3908 Undeppatet
950 3817 1028 3894 quod
1040 3801 1249 3879 sacramentum
1262 3823 1352 3896 poeni·

261 3916 354 3974 tentia
367 3919 615 3978 estnacassarium
638 3917 674 3978 ad
693 3918 814 3978 salutem
834 3929 902 3997 post
920 3926 1088 3998 peccatum:
1109 3919 1184 3977 sicut
1194 3915 1348 3977 medicatio

259 4016 427 4093 corporalis,
440 4029 591 4095 postquam
605 4019 693 4078 homo
706 4019 736 4078 in
750 4019 880 4079 morbum
893 4018 1086 4097 periculosum
1099 4007 1280 4076 inciderit.''²

297 4119 327 4175 2.
348 4116 471 4178 Materia
491 4118 579 4198 hujus
602 4119 772 4178 sacramenti
791 4118 884 4193 qualis
904 4119 935 4177 in
954 4117 1097 4193 baptismo
1115 4113 1195 4173 nulla
1216 4122 1276 4178 esta
1297 4115 1350 4176 sed

264 4225 343 4275 actus
357 4219 523 4295 peonitentia
536 4220 599 4298 ejus
612 4219 752 4279 rationem
765 4218 903 4285 obtinent,
923 4226 952 4275 et
971 4215 1053 4289 quasi
1072 4213 1187 4272 materia
1200 4213 1350 4284 habentur,

257 4323 285 4372 et
309 4325 404 4392 partes
426 4318 611 4395 poenitentis,
629 4319 714 4396 juxta
734 4315 930 4376 definitionem
951 4312 1167 4373 Tridentinam:
1198 4314 1260 4374 “Si
1284 4316 1348 4390 quis

291 4521 334 4589 (1)
354 4521 423 4573 Sors.
434 4522 484 4574 xiv.
495 4539 549 4590 cap.
561 4523 586 4574 ii.
818 4520 862 4587 (2)
881 4517 914 4570 iii.
926 4533 950 4584 p.
963 4533 1004 4584 qu.
1015 4515 1109 4570 lxxxiv.
1120 4523 1164 4570 ort·
1175 4517 1207 4569 iv.
1242 4519 1316 4588 Rcrp.
