3108 5162
488 552 545 613 DE
567 549 746 612 OFFlCllS
767 551 1018 613 GONJUGUM.
1240 560 1297 614 311

213 727 315 776 servet·
350 719 385 778 ln
408 718 508 778 morbo
529 717 672 786 diuturno,
700 720 749 792 qui
769 722 845 778 vires
866 738 926 778 nou
946 719 1027 788 tollit,
1049 719 1152 796 copula
1172 719 1299 788 habetur,

210 815 279 874 licet
291 816 366 875 haud
380 818 485 890 absque
500 817 668 876 valetudinis
683 816 870 877 detrimento:
894 819 947 875 “si
969 819 1085 876 morbus
1106 828 1183 876 esset
1195 818 1302 877 dictur*

210 933 276 983 nus,
289 925 319 974 et
330 935 388 974 noo
403 916 533 994 proxime
547 916 666 974 tendens
681 916 716 974 ad
730 927 862 984 mortem,
878 935 982 994 nempe
997 917 1073 990 quod
1088 937 1146 976 non
1160 917 1252 975 soleat
1264 917 1300 974 de

211 1013 288 1071 brevi
302 1023 329 1071 et
341 1015 417 1073 facili
431 1024 551 1073 mortem
565 1015 680 1084 inferre,
695 1024 726 1074 ut
738 1027 815 1074 esset
828 1017 927 1093 pestis,
940 1026 988 1074 aut
1000 1017 1079 1093 lepra
1091 1017 1217 1083 leonina,
1232 1015 1301 1096 (qua

211 1111 350 1172 frustatim
364 1115 491 1173 membra
511 1111 667 1194 decidunt)
683 1124 750 1172 tunc
764 1135 821 1175 non
842 1117 896 1174 erit
915 1115 1043 1174 illicitum
1067 1135 1136 1173 sano
1157 1126 1263 1192 petere,
1278 1117 1302 1172 si

210 1210 299 1270 aderit
308 1213 387 1289 justa
400 1230 495 1279 causa,
506 1213 649 1272 mimirum
659 1213 774 1274 fovendi
788 1234 913 1273 amorem
928 1215 1120 1292 conjugalem,
1134 1225 1181 1271 aut
1194 1213 1301 1272 vitandi

210 1312 416 1371 continentiam
427 1313 456 1370 in
470 1330 513 1378 se,
523 1310 568 1369 vel
577 1312 605 1368 in
620 1313 718 1380 altero,
730 1315 796 1386 quia
809 1314 878 1371 alias
889 1323 966 1372 essct
975 1313 1055 1371 valde
1068 1331 1219 1372 onerosum
1234 1322 1303 1372 tam·

211 1408 260 1468 diu
281 1410 424 1470 abstinere
444 1411 479 1468 ab
499 1428 554 1468 usu
574 1411 711 1488 conjugii,
727 1411 804 1484 quod
817 1413 866 1470 vix
887 1414 991 1489 poterit
1010 1431 1074 1470 esse
1093 1413 1155 1470 sine
1176 1412 1304 1488 periculo

215 1501 476 1568 incontinentiae.”¹

253 1611 304 1666 75.
326 1609 396 1668 Non
416 1609 482 1666 licet
504 1616 601 1684 petere
622 1609 717 1666 statim
738 1629 754 1666 a
772 1609 893 1676 balneis,
913 1611 960 1668 vel
980 1610 1106 1668 sectione
1127 1627 1215 1677 vene,
1238 1610 1304 1682 quia

214 1706 307 1764 coitus
321 1716 388 1767 tunc
400 1707 485 1766 habet
497 1724 583 1783 grave
597 1707 764 1782 periculum.
807 1709 856 1766 Sic
870 1709 956 1767 etiam
970 1727 1034 1767 cum
1048 1729 1083 1766 ea
1098 1726 1161 1781 quae
1175 1709 1246 1766 febri
1265 1709 1304 1766 la·

214 1805 303 1874 borat,
317 1807 393 1865 coire
407 1805 598 1883 periculosum
609 1817 660 1864 est.
684 1805 760 1865 Cum
774 1808 891 1865 muliere
905 1825 968 1878 quae
982 1808 1179 1885 gonorrhaearn
1190 1809 1304 1884 patitur,

214 1905 293 1962 coire
314 1923 373 1964 non
394 1905 491 1972 deeet;
512 1904 563 1962 sed
578 1922 666 1976 quum
681 1905 741 1962 haec
756 1905 886 1964 diuturna
900 1907 946 1975 sit,
962 1907 1010 1964 vix
1031 1907 1176 1982 prohiberi
1190 1916 1302 1980 potest:

215 2004 374 2078 periculum
390 2013 483 2063 autem
497 2003 599 2060 afferre
613 2023 671 2062 non
684 2003 801 2062 videtur.

254 2106 303 2162 76.
325 2104 397 2162 Post
413 2102 562 2179 prandium
574 2099 730 2162 'coenamve
746 2105 823 2161 coire
844 2103 921 2160 nulla
934 2104 997 2180 lege
1015 2111 1133 2171 vetatur,
1149 2121 1201 2160 nee
1221 2121 1305 2180 grave

214 2201 268 2260 lert
287 2201 433 2261 damnum.
467 2203 630 2273 Antequam
651 2202 803 2260 ablactetur
816 2202 920 2270 infans,
935 2203 1011 2260 coire
1025 2221 1084 2260 non
1103 2201 1205 2260 decet:
1223 2203 1307 2280 juxta

216 2299 287 2358 illud
302 2300 434 2378 Gregorii
449 2301 492 2358 M.
508 2308 527 2336 “
536 2299 581 2358 nd
596 2301 658 2376 ejus
672 2301 739 2358 verb
753 2301 935 2359 concubitum
949 2303 992 2359 vir
1006 2302 1140 2359 accedere
1153 2319 1210 2358 non
1224 2300 1309 2360 debet

218 2416 368 2471 quousque
382 2400 431 2472 qui
451 2400 576 2476 gignitur
589 2391 741 2457 ablactetur
753 2394 801 2456 ι”2
821 2399 870 2456 scd
892 2419 938 2457 res
959 2400 1071 2458 consilii
1092 2409 1145 2467 est,
1160 2418 1217 2457 non
1238 2419 1308 2475 prae-
1329 2455 1345 2490 „

219 2498 304 2574 cepti.
1317 2507 1322 2518 “

255 2601 305 2656 77.
328 2595 444 2674 Copula
456 2597 492 2655 ob
506 2598 595 2656 solam
619 2598 791 2673 voluptatem
806 2596 889 2672 culpa
909 2596 1013 2655 veniali
1033 2614 1089 2654 non
1110 2605 1205 2653 vacat:
1228 2596 1306 2656 dam·

218 2705 282 2754 nata
304 2697 382 2756 enim
402 2707 447 2755 est
473 2697 649 2773 propositio:
672 2695 784 2773 “Opus
806 2696 934 2773 conjugii
959 2696 997 2753 ob
1022 2695 1112 2752 solam
1136 2695 1307 2772 voluptatem

217 2796 382 2863 exercitum,
397 2797 477 2856 omni
491 2797 605 2872 penitus
620 2797 788 2872 caretculpa
801 2814 834 2852 ac
845 2794 957 2853 defectu
968 2790 1121 2852 veniali.”³
1162 2795 1308 2867 Equidem

219 2894 359 2952 venialem
374 2913 438 2953 esse
452 2894 564 2970 culpam
578 2895 678 2967 liquet,
693 2893 759 2952 dum
771 2895 835 2966 quis
849 2894 935 2952 veluti
948 2895 1035 2952 finem
1047 2893 1156 2970 copulre
1165 2897 1309 2972 proponit,

220 2991 296 3064 quod
321 3001 419 3050 natura
445 3001 590 3064 tamquam
616 2992 741 3051 medium
765 2993 923 3070 adsignavit
948 3011 1005 3065 quo
1029 2993 1062 3050 ad
1084 2993 1182 3059 finem,
1204 3013 1308 3070 nempe

221 3090 309 3168 prolis
329 3092 566 3168 procreationem,
578 3091 772 3150 alliceremur:
787 3092 838 3150 sed
852 3109 940 3164 quum
961 3093 1055 3166 gravis
1069 3109 1126 3148 non
1146 3091 1183 3148 sit
1202 3092 1309 3150 ordinis

221 3191 377 3266 perversio,
387 3209 444 3250 non
452 3189 565 3249 excedit
577 3192 690 3267 culpam
705 3192 856 3249 venialem.
891 3188 976 3256 Quod
990 3190 1015 3247 si
1029 3190 1092 3262 quis
1106 3197 1198 3246 utatur
1212 3190 1310 3265 volup·

219 3298 274 3347 tate
289 3298 319 3346 ut
339 3307 370 3346 se
383 3290 488 3348 excitet
501 3288 537 3346 ad
557 3289 698 3366 copulam,
713 3291 791 3347 nulla
810 3290 862 3347 erit
881 3289 974 3364 culpa,
990 3307 1077 3360 quum
1098 3290 1309 3364 generationem

219 3389 362 3464 precipue
375 3389 429 3446 sibi
448 3397 597 3466 proponat.

257 3492 307 3547 78.
329 3487 484 3546 Peccatum
498 3496 542 3546 est
555 3487 671 3545 mortale
685 3487 818 3562 copulam
833 3485 936 3544 habere
951 3493 1045 3543 mente
1057 3484 1191 3554 adultera,
1207 3485 1309 3544 affectu

219 3587 327 3645 scilicet
349 3586 385 3644 ad
410 3587 493 3646 aliam
514 3585 631 3644 directo.
674 3585 758 3652 Quod
779 3587 805 3644 si
826 3585 889 3658 quis
909 3583 944 3642 de
965 3585 1078 3643 alterius
1099 3583 1309 3660 pulchritudine

217 3687 330 3764 cogitet,
344 3697 376 3744 ut
388 3706 419 3746 se
441 3687 556 3754 excitet,
572 3686 678 3758 absque
699 3695 792 3743 tamen
813 3684 913 3742 affectu
939 3686 1023 3760 turpi,
1038 3696 1220 3743 excusatura
1239 3703 1310 3742 non-

219 3787 351 3845 nemine:
373 3786 467 3846 sedin
486 3785 614 3863 periculo
633 3775 784 3843 manifesto
796 3801 954 3842 consensus
968 3785 996 3842 in
1012 3785 1143 3861 copulam
1159 3785 1309 3862 cogitatam
1327 3831 1331 3840 .

219 3901 283 3940 cum
298 3885 390 3942 aliena
409 3895 545 3944 versatur.
588 3884 621 3942 Si
642 3885 706 3956 quis
727 3882 762 3941 de
783 3883 874 3943 aliena
894 3883 996 3961 copula
1020 3884 1135 3959 cogitet,
1151 3884 1180 3940 in
1204 3899 1308 3956 magno

219 3981 306 4038 etiam
329 3991 375 4039 est
393 3983 528 4058 periculo,
542 3983 609 4041 licet
629 4001 662 4040 ea
682 3983 722 4040 uti
744 3992 851 4040 tanturn
873 3981 942 4043 velit
962 3981 998 4038 ad
1018 3999 1052 4038 se
1071 3978 1254 4038 excitandum
1276 3977 1311 4035 ad

220 4078 352 4156 copulam
371 4099 436 4138 curn
459 4083 575 4159 propria
594 4083 734 4158 conjuges
757 4090 776 4118 ‘⁴
790 4081 851 4139 haec
865 4090 959 4139 tamen
975 4079 1120 4155 cogitatio,
1135 4079 1159 4135 si
1181 4086 1256 4133 esset
1275 4077 1310 4136 de

219 4178 323 4254 copula
347 4179 420 4238 inter
438 4198 575 4256 personas
602 4180 800 4239 determinatas
822 4199 881 4238 non
900 4195 1068 4237 excusarem
1089 4199 1106 4236 a
1128 4174 1251 4243 mortali,
1273 4177 1309 4234 ob

390 4401 433 4466 (l)
453 4399 482 4449 L.
494 4401 526 4450 vi.
537 4416 562 4450 rr.
577 4402 632 4449 199.
905 4400 948 4464 (2)
968 4397 999 4447 0.
1010 4396 1052 4446 fin.
1060 4397 1119 4448 dist-
1132 4413 1154 4444 v.

538 4488 581 4552 (3)
600 4485 673 4549 Pmp.
684 4485 718 4535 ix.
730 4485 812 4535 domn.
824 4484 854 4533 ab
865 4483 950 4532 Inuoc.
961 4481 1006 4532 XI.
