3108 5162
270 528 328 584 ³22
665 521 722 580 DE
744 520 960 580 DIVORTIO.

271 691 335 763 quis
347 689 422 750 norit
434 707 499 748 eum
513 688 587 748 ultra
600 689 731 766 progredi
745 688 827 746 velle.
870 687 903 747 ld
917 707 952 746 eo
974 688 1064 764 magis
1078 685 1231 746 dicendum
1252 687 1380 760 quoties

271 789 307 848 de
327 789 421 849 valore
441 789 543 866 prioris
565 789 739 847 matrimonii
760 787 902 845 dubitatur
921 787 958 846 ob
978 785 1169 863 disparitatem
1195 788 1315 854 cultus,
1332 787 1381 844 vel

272 907 429 947 consensus
449 887 600 948 desectum.
642 888 691 945 Sic
708 887 847 963 contingit
866 885 1017 959 aliquando
1035 887 1172 963 juvenem
1185 905 1256 944 oum
1274 885 1383 963 puella

272 989 352 1046 malae
367 987 449 1046 samae
463 989 534 1046 inire
547 988 671 1064 nuptias,
683 1005 754 1060 quas
768 996 848 1064 pater
860 1005 897 1044 ex
911 986 995 1069 euriae
1005 986 1167 1043 auctoritate
1181 985 1287 1042 dirimi
1305 985 1381 1050 vult,

272 1085 363 1146 tilium
377 1088 526 1164 deceptum
540 1105 603 1146 esse
617 1096 785 1162 praetexcns.
806 1085 825 1142 J
828 1086 995 1162 urisperitus
1006 1083 1173 1142 Oadrolious
1181 1104 1241 1142 non
1255 1084 1383 1143 videtur

273 1205 392 1264 peccare
403 1206 461 1246 rem
476 1185 686 1262 prosequendo,
695 1187 851 1263 prasertim
862 1186 887 1244 si
901 1183 1013 1242 aliunde
1022 1185 1382 1260 suspiceturoonsensum

274 1304 331 1344 non
347 1287 467 1344 valuisse
481 1285 517 1342 ob
530 1283 668 1352 fraudem,
687 1285 860 1352 ebrietatem,
875 1284 918 1341 vel
933 1283 1168 1360 impedimentum
1191 1282 1381 1342 eeclesiasti-

273 1403 349 1442 cam.
383 1385 478 1442 Etiam
492 1403 550 1442 non
563 1385 731 1444 damnamus
746 1403 810 1444 eum
821 1383 846 1440 si
860 1384 969 1441 clientis
984 1393 1076 1459 partes
1087 1390 1150 1459 agat
1160 1383 1189 1440 in
1202 1381 1380 1460 rumpendo

273 1482 387 1542 vinculo
400 1483 477 1542 civili
500 1484 671 1543 matrimonii
685 1493 759 1542 certe
780 1482 876 1550 validi,
892 1481 1005 1556 quando
1026 1482 1194 1558 gravissima
1211 1492 1255 1538 est
1282 1483 1375 1548 ratio,

272 1601 309 1639 v:
325 1601 362 1658 g:
378 1581 455 1656 quod
465 1583 566 1641 mulier
579 1561 746 1642 adulterium
757 1583 918 1641 admiserit:
933 1581 985 1639 scd
994 1600 1140 1653 nunquam
1151 1581 1235 1638 debet
1243 1582 1378 1657 probare

273 1701 362 1740 novas
377 1682 501 1758 nuptias.

316 1785 383 1838 114.
405 1779 500 1839 Judex
527 1780 705 1848 Catholicae,
720 1801 757 1838 ex
780 1781 854 1857 legis
874 1781 1049 1846 auctoritate,
1064 1778 1199 1837 dirimens
1219 1781 1377 1838 matrimo-

275 1881 364 1948 nium,
379 1900 437 1939 non
451 1879 562 1938 videtur
575 1899 701 1957 peecare,
716 1880 846 1952 quamvis
862 1881 937 1937 enim
960 1880 988 1937 id
1010 1878 1187 1955 aggrediatur
1207 1877 1286 1950 quod
1313 1879 1375 1954 legi

275 1979 378 2039 divinar
392 1988 539 2057 repugnat,
549 1989 670 2038 attamen
684 1978 845 2037 censendus
860 1998 917 2037 uon
929 1990 972 2036 est
985 1988 1102 2035 eatenus
1113 1977 1185 2034 velle
1194 1980 1373 2036 sententiam

275 2079 437 2145 extendere,
453 2097 508 2150 qua
529 2080 731 2138 conscientiam
752 2078 840 2153 priori
861 2078 976 2136 vinculo
998 2077 1115 2143 liberet;
1136 2075 1187 2133 sed
1207 2095 1267 2135 rem
1285 2095 1372 2134 mere

275 2177 389 2234 civilem
407 2176 553 2252 perficere.
595 2176 680 2242 Quod
701 2178 725 2234 si
740 2185 838 2252 posset
851 2195 932 2235 suam
945 2177 1086 2253 denegare
1107 2185 1234 2252 operam,
1249 2195 1278 2233 re
1302 2177 1371 2235 aliis

271 2275 417 2352 judicibus
431 2274 595 2333 acatholicis
618 2277 766 2353 permissa,
781 2275 892 2334 videtur
910 2277 1008 2333 teneri.
1044 2275 1126 2333 Idem
1146 2275 1181 2332 de
1201 2276 1372 2352 legumlato-

276 2375 353 2434 ribus
366 2374 530 2444 dicendum,
547 2375 691 2435 Catholici
712 2376 789 2434 enirn
810 2394 924 2451 semper
943 2375 1047 2433 debent
1066 2373 1201 2451 suffragia
1223 2375 1370 2453 denegare
1463 2379 1465 2382 ’

276 2475 387 2554 legibus
401 2476 504 2548 quibus
519 2475 671 2535 divortium
684 2476 792 2535 vinculi
805 2476 937 2533 sancitur.

559 2709 584 2781 §.
607 2707 646 2766 ΙΙ.
689 2707 737 2764 Da
757 2725 852 2765 suoru
873 2723 1087 2764 sarnaaaroun.

319 2894 385 2949 115.
409 2890 571 2949 Divertium
593 2911 609 2949 a
629 2892 710 2950 thoro
731 2891 807 2959 licet,
829 2901 857 2950 et
880 2892 996 2965 quidem
1019 2902 1198 2968 perpetuum,
1219 2892 1369 2952 obalteru-

278 2990 346 3047 trius
360 2990 498 3048 consortis
529 2989 716 3060 adulterium;
748 2991 866 3050 Christo
892 2993 969 3049 enim
992 2991 1111 3048 docente
1138 2992 1205 3049 licet
1227 2991 1367 3050 dimittere

278 3089 443 3160 adulteram,
459 3100 486 3148 et
500 3111 550 3169 par
560 3093 609 3169 jus
622 3101 666 3150 est
679 3093 762 3150 uxori
783 3112 798 3148 a
821 3093 881 3149 viro
902 3092 1027 3148 adultero
1053 3088 1214 3158 recedendi,
1236 3108 1321 3161 quum
1336 3093 1368 3149 in

279 3210 309 3249 re
324 3193 422 3250 marita
435 3193 571 3270 conjuges
586 3211 668 3268 pares
682 3193 748 3249 sint.
790 3179 933 3263 Equidem
945 3191 1061 3247 maritus
1076 3199 1169 3265 potest
1181 3191 1263 3247 rrxori
1276 3192 1367 3267 poeni·

278 3292 347 3348 tenti
362 3300 389 3347 at
402 3291 557 3350 emendatae
571 3293 738 3368 ignoscere;
760 3289 811 3347 sed
832 3309 930 3367 parum
951 3290 1091 3365 sapienter
1105 3289 1235 3346 toleraret
1247 3308 1367 3365 peccau-

279 3397 353 3446 tem:
375 3410 441 3448 nam
464 3398 483 3426 ‘⁶
494 3392 542 3462 qui
557 3399 633 3448 tenet
646 3390 811 3457 adulteram,
826 3390 927 3447 stultus
942 3399 1026 3446 estet
1041 3385 1195 3463 impius.’'l
1235 3389 1367 3446 Attamen

279 3486 361 3546 facile
371 3499 525 3547 excusatur
534 3489 559 3546 si
569 3507 630 3547 eam
645 3490 721 3566 apud
731 3509 762 3547 se
773 3490 900 3557 retineat,
913 3489 946 3546 ad
958 3488 1099 3545 vitandam
1111 3487 1198 3563 prolis
1209 3487 1366 3555 infamiam,

278 3595 307 3640 et
331 3605 414 3660 spem
441 3588 541 3644 fovens
562 3607 624 3644 eam
650 3587 875 3664 corrigendam.'
899 3585 974 3645 Raro
1004 3596 1097 3644 tamen
1119 3585 1302 3644 adducendus
1323 3597 1367 3643 est

279 3683 396 3737 maritus
416 3685 558 3755 precibus,
580 3686 625 3741 val
645 3686 772 3742 consiliis
793 3687 974 3761 importunis,
995 3695 1026 3742 ut
1039 3704 1103 3743 cum
1117 3704 1207 3742 uxore
1221 3687 1367 3762 poenitenti

278 3787 379 3854 pergat
391 3780 507 3846 versari,
529 3783 684 3857 prasertim
699 3785 724 3839 si
738 3783 801 3839 aliis
822 3784 975 3840 innotuerit
988 3783 1143 3842 delictum:
1165 3803 1230 3842 nam
1245 3785 1367 3860 plerum·

279 3897 334 3952 que
348 3880 388 3938 rei
402 3879 539 3936 memoria
551 3879 627 3936 rixas
643 3881 773 3937 suscitat:
796 3892 823 3938 et
836 3884 1017 3956 poenitentem
1029 3884 1130 3941 iterum
1144 3885 1278 3960 excipere
1291 3883 1367 3941 nulla

278 3979 342 4057 lege
357 3980 526 4057 praecipitur.
569 3979 652 4038 Uxor
665 3979 775 4038 facilius
799 3981 930 4058 injuriam
952 3981 1103 4051 condonat,
1126 3983 1172 4041 oui
1193 3967 1367 4040 suadendum

278 4090 332 4146 est,
347 4083 404 4140 nisi
418 4080 543 4150 morbus,
563 4080 609 4139 vel
630 4081 681 4149 rei,
695 4081 740 4138 vel
754 4080 868 4138 familiae
884 4083 994 4158 jactura
1007 4099 1043 4138 ex
1057 4083 1140 4140 venia
1153 4083 1308 4149 immineat,
1322 4079 1367 4138 vel

280 4181 372 4238 mariti
387 4181 547 4239 emendatio
568 4199 605 4239 ex
625 4181 730 4239 duriori
744 4180 846 4259 agendi
860 4182 968 4240 ratione
989 4181 1188 4240 verosimiliter
1201 4188 1368 4257 proventura

280 4280 336 4336 sit:
359 4280 436 4351 quod
450 4277 512 4338 rard
527 4299 642 4357 sperare
654 4281 731 4339 licet.
763 4280 809 4339 Ob
823 4280 983 4339 sodomiam
997 4281 1043 4338 vel
1055 4280 1264 4348 bestialitatem,
1279 4278 1370 4337 divor·

697 4483 739 4550 (l)
759 4481 906 4533 Promxviii.
917 4485 958 4531 22.
