3144 5192
434 540 492 601 DE
512 539 841 602 JURISDIGTIONE
863 540 1153 612 CONFESSARII.
1283 548 1336 603 191

249 709 329 766 triete
343 709 432 766 vetuit
444 708 628 766 Innocentius
642 706 697 765 xl.
713 723 788 764 anno
804 710 901 767 1679:
924 707 1053 780 quamvis
1066 707 1198 785 plerique
1213 709 1339 788 theologi

251 807 321 866 oiim
335 816 483 866 censerent
495 805 655 866 sacerdotes
668 807 762 864 valere
776 807 897 865 venialia
909 808 1062 874 remittere,
1082 809 1189 881 absque
1202 809 1340 885 approba·

251 907 327 965 tione
340 905 375 965 ad
388 905 542 966 audiendas
556 905 769 966 consessiones:
791 904 868 979 quod
887 916 983 964 umen
998 907 1059 984 jam
1080 927 1139 967 non
1152 907 1263 966 videtur
1276 927 1341 986 pro·

250 1002 367 1064 babile.¹

292 1110 358 1164 131.
381 1105 430 1165 Ex
443 1125 530 1183 supra
543 1105 663 1165 laudatis
685 1104 800 1164 concilii
820 1104 984 1164 Tridentini
1004 1106 1097 1164 verbis
1119 1115 1230 1166 constat
1243 1107 1340 1185 Regu·

250 1204 321 1263 lares
336 1205 434 1265 audire
448 1224 506 1264 non
520 1223 606 1282 posse
619 1203 816 1264 confessiones
837 1205 1026 1272 secularium,
1048 1206 1134 1264 etiam
1148 1205 1337 1275 sacerdotum,

249 1304 306 1362 nisi
320 1308 355 1363 ab
370 1306 509 1382 episcopo
523 1304 759 1382 approbationem
773 1305 943 1379 acceperint,
965 1312 1011 1362 aut
1024 1304 1194 1364 beneficium
1209 1307 1340 1381 parochi·

251 1402 305 1461 ale.
347 1404 382 1463 ld
403 1404 509 1478 ubique
530 1413 666 1462 terrarum
687 1402 839 1461 dicendum
863 1410 916 1471 est,
938 1404 1023 1460 etiam
1043 1405 1079 1469 in,
1092 1405 1164 1463 locis
1185 1405 1339 1479 inquibus

221 1563 226 1574 ,
251 1502 385 1578 pleraque
405 1503 519 1562 concilii
546 1501 659 1560 decreta
677 1510 792 1577 recepta
812 1520 869 1559 non
896 1511 977 1570 sunt;
999 1521 1065 1561 nam
1084 1504 1249 1562 Alexander
1268 1505 1338 1564 Vll.
1415 1496 1417 1500 ’

251 1620 327 1660 anno
355 1606 443 1671 1659,
464 1601 609 1660 damnavit
627 1610 786 1659 asserentes
812 1600 969 1677 Regulares
989 1602 1017 1658 in
1046 1602 1149 1662 Galliis
1170 1622 1226 1662 non
1251 1606 1340 1663 teneri

251 1701 380 1778 episcopi
395 1702 628 1779 approbationem
642 1693 766 1778 petere.²
805 1701 838 1758 Si
852 1700 988 1776 denegata
1001 1701 1086 1759 inerit
1098 1703 1133 1760 ab
1146 1703 1276 1782 episcopi
1290 1723 1338 1782 ap·

249 1801 387 1875 probatio,
402 1803 487 1860 etiam
500 1801 617 1878 injuste,
638 1819 696 1859 non
710 1799 786 1858 velet
799 1799 935 1876 regularis
949 1801 1146 1862 confessiones
1161 1804 1338 1862 secularium

250 1899 394 1976 accipere:
429 1900 562 1958 damnata
587 1900 693 1975 qnippe
719 1908 763 1956 est
788 1899 964 1976 propositio:
978 1937 981 1945 ι
996 1900 1171 1959 “satisfacit
1196 1911 1338 1978 precepto

249 1999 439 2058 consessionis
454 2018 565 2067 annuae,
580 1998 629 2071 qui
642 1998 791 2056 confitetur
804 1999 925 2074 regulari
939 1999 1077 2076 episcopo
1090 2009 1270 2076 presentato,
1286 2002 1338 2060 sed

251 2099 286 2156 ab
299 2117 333 2157 eo
347 2099 451 2175 injuste
471 2091 671 2176 reprobato.”³
711 2097 852 2154 Damnata
877 2108 921 2155 est
939 2099 1024 2156 etiam
1051 2098 1137 2158 altera
1161 2101 1337 2177 propositio:

251 2207 270 2233 ‘⁶
279 2197 337 2264 Qut
351 2198 519 2256 beneficium
534 2207 660 2254 curatum
675 2196 805 2277 habent,
812 2207 933 2273 possunt
945 2198 998 2255 sibi
1012 2198 1117 2275 eligere
1131 2199 1338 2260 confessarium

250 2297 411 2372 simplicem
425 2296 602 2356 sacerdotem
615 2315 674 2354 non
688 2296 872 2373 approbatum
887 2298 921 2353 ab
936 2291 1128 2356 ordinario.'’⁴

293 2399 360 2453 132.
393 2394 549 2474 Regulares
581 2404 704 2472 possunt
728 2394 825 2453 audire
852 2396 1063 2453 confesssiones
1089 2415 1205 2456 suorum
1229 2398 1338 2470 absque

250 2495 381 2571 episcopi
392 2497 518 2562 licentia,
533 2513 569 2554 ex
582 2496 739 2572 superioris
753 2495 854 2552 venia:
878 2495 929 2552 sed
953 2495 1061 2552 ordinis
1084 2496 1222 2572 cujusque
1236 2506 1339 2556 statuta

249 2594 388 2679 servanda
400 2603 476 2662 sunt,
491 2613 553 2667 quae
573 2595 743 2670 plerumque
765 2602 859 2652 vetant
877 2613 913 2652 ne
934 2595 1047 2653 alterius
1067 2593 1174 2653 ordinis
1194 2596 1337 2673 religiosis

249 2694 313 2767 quis
333 2695 511 2754 confiteatur.
553 2693 588 2752 ln
608 2694 755 2752 itineribus
776 2704 880 2762 autem,
897 2694 1134 2768 quandocumque
1154 2714 1213 2754 non
1232 2695 1338 2754 habent

249 2793 300 2864 sui¹
312 2794 420 2854 ordinis
440 2794 563 2860 socium,
577 2792 735 2866 etquidem
755 2792 901 2861 idoneum,
916 2795 949 2852 fit
966 2796 1009 2852 eis
1030 2795 1198 2872 pierumque
1219 2795 1336 2854 facultas

249 2892 403 2950 confitendi
415 2893 531 2951 cuilibet
549 2892 690 2952 sacerdoti
702 2894 867 2970 approbato,
884 2893 942 2951 imo
958 2895 1041 2971 juxta
1054 2895 1207 2971 plerosque
1222 2895 1338 2955 cuilibet

249 2992 333 3054 etiam
354 3011 412 3050 non
432 2993 598 3069 approbato,
620 2993 790 3068 specialibus
808 2986 989 3068 privilegiis.⁵
1030 2993 1215 3052 Saecularium
1237 2995 1336 3067 qui-in

249 3091 428 3150 monasteriis
442 3100 508 3150 sunt
520 3090 555 3148 de
565 3091 682 3159 familia,
696 3099 724 3150 et
734 3091 861 3149 continui
875 3091 1094 3158 commensales,
1108 3111 1166 3150 non
1180 3101 1272 3151 autem
1288 3095 1337 3166 qui

247 3203 353 3249 tautum
368 3190 524 3270 Religiosis
539 3191 676 3259 serviunt,
689 3191 795 3264 absque
806 3191 936 3268 episcopi
948 3189 1063 3248 licentia
1076 3188 1111 3247 ad
1125 3190 1336 3256 consessionem

247 3283 371 3367 excipi⁶

288 3395 355 3449 133.
376 3390 559 3468 Approbatus
584 3390 613 3448 in
637 3408 694 3449 una
719 3389 835 3448 dioecesi
861 3409 919 3448 non
945 3399 1040 3466 potest
1065 3389 1094 3447 in
1120 3389 1176 3448 alia
1201 3391 1335 3466 excipere

247 3491 453 3560 confessiones,
465 3491 573 3563 absque
586 3490 717 3566 episcopi
730 3489 885 3548 dioecesani
895 3509 969 3548 nova
982 3481 1211 3565 approbatione.⁷

278 3594 354 3648 131.
377 3590 435 3658 Qui
460 3589 630 3648 beneficium
655 3599 826 3666 acceperunt
851 3589 1024 3666 parochiale,
1046 3607 1081 3648 eo
1101 3590 1166 3665 ipso
1189 3588 1336 3666 approbati
1413 3637 1414 3640 ,

245 3700 405 3748 censentur.
461 3688 602 3748 Sacerdos
635 3690 681 3748 cui
714 3690 898 3748 committitur
923 3689 1047 3766 paroecia
1079 3690 1250 3766 approbatus
1271 3708 1337 3747 cen-

246 3798 322 3846 setor
355 3789 420 3847 “ad
440 3787 595 3848 audiendas
624 3789 830 3857 consessiones,
854 3789 990 3848 duntaxat
1018 3791 1049 3849 in
1079 3809 1113 3848 ea
1140 3790 1265 3857 civitate,
1292 3787 1338 3846 vel

246 3887 363 3961 oppido,
377 3888 424 3947 ubi
444 3889 497 3947 sita
509 3891 547 3947 sit
566 3888 751 3966 parochialis,
765 3907 823 3947 non
845 3898 938 3947 autem
959 3890 1067 3965 passim
1088 3908 1140 3966 per
1161 3899 1248 3948 totam
1268 3886 1337 3944 dioe·

246 3985 367 4043 cesim.”
410 3986 454 4046 lta
473 3988 506 4044 S.
528 3987 565 4046 Ο.
587 3987 713 4047 concilii
740 3989 924 4066 respondisse
951 3981 1079 4047 dicitur.8
1130 3985 1275 4044 Caeternm
1298 4001 1336 4042 ex

282 4153 293 4219 (
300 4154 323 4220 l)
344 4152 370 4202 S.
382 4153 458 4219 Alph.
471 4155 486 4205 l.
498 4155 565 4205 vin.
578 4159 635 4206 543.
731 4158 773 4223 (2)
794 4155 856 4205 Vide
868 4161 892 4204 et
904 4153 1009 4205 Constit.
1022 4151 1157 4204 clementis
1167 4151 1201 4200 X.
1214 4150 1338 4218 Superbo.

207 4242 209 4247 '
280 4241 323 4306 (3)
344 4240 416 4306 Prcp.
428 4239 479 4289 xiii.
491 4240 605 4291 damnata
614 4243 644 4291 ab
655 4241 797 4291 Alexandro
811 4239 865 4288 VII.

281 4327 323 4392 (t)
343 4325 443 4386 ibidem,
454 4341 522 4392 prop.
534 4326 591 4375 xvi..
727 4326 769 4391 (6)
789 4324 816 4372 S.
827 4323 903 4386 Alph.
914 4323 930 4370 1.
942 4322 974 4370 vi.
983 4338 1008 4370 n.
1021 4323 1079 4370 575.

279 4412 321 4477 (5)
341 4411 405 4462 Vide
417 4411 521 4462 Constit.
540 4413 665 4479 Superata.
724 4413 767 4475 (7)
787 4409 813 4456 S.
827 4407 927 4472 Alph.i.
940 4405 1009 4459 vin.
1021 4408 1079 4456 552.

725 4496 768 4559 (8)
788 4491 888 4550 Ibidem,
899 4505 924 4538 n.
937 4491 994 4538 544.
