3172 5172
248 585 306 641 tre
502 575 559 636 DE
581 574 746 636 SlGlLLO
768 573 1086 636 CONFESSIONIS.

247 744 416 806 absolvendi
428 743 475 802 vel
487 742 672 820 dispensandi
685 743 892 820 impetrandam
902 744 985 802 venia
995 721 1202 816 illaaliquando
1213 745 1339 816 exquiri·

247 857 303 915 tur,
312 843 490 921 utsuperiori
498 861 543 900 res
552 851 720 919 exponatur:
730 843 780 900 sed
789 843 836 901 vix
844 861 969 914 unquam
978 851 1128 917 oportetut
1136 851 1284 916 queratur,
1294 843 1340 902 vel

247 954 419 1022 acceptetur,
427 942 461 1001 ad
468 940 670 1001 eonferendum
677 960 741 999 cum
752 942 807 999 alio
813 941 847 1000 de
854 941 1016 1018 poenitentis
1024 941 1200 1009 conditione,
1207 942 1257 1014 qui
1263 941 1338 1019 apud

245 1052 397 1116 utrumque
411 1061 464 1101 sua
476 1039 639 1118 deposuerit
653 1050 777 1117 peecata,
792 1058 880 1113 quum
894 1040 1092 1112 unusquisque
1106 1039 1206 1098 debeat
1217 1043 1338 1099 seorsim

243 1143 383 1222 judicare,
397 1149 426 1199 et
438 1140 593 1198 necessitas
607 1158 666 1197 non
679 1140 717 1196 sit
730 1140 799 1198 satis
813 1141 907 1216 gravis
922 1140 1014 1216 alege
1036 1141 1131 1200 arcani
1152 1138 1336 1199 discedemdi.

247 1244 330 1302 Adeo
340 1237 1126 1308 sacrosanctahaechabendaest‚utnonnissirarissime,
1136 1248 1164 1296 et
1173 1239 1340 1315 gravissima

247 1342 283 1400 dc
296 1359 390 1407 causa,
404 1339 519 1397 licentia
530 1337 628 1395 utendi
641 1338 740 1396 notitia
760 1338 943 1396 confessione
956 1337 1094 1410 acquisita
1107 1336 1279 1414 acceptanda
1288 1339 1335 1396 sit.

247 1441 281 1498 Si
300 1440 441 1516 poenitens
462 1439 555 1514 palam
576 1438 660 1495 faciat
679 1437 855 1496 confessario
875 1445 1045 1514 potestatem
1066 1435 1227 1495 declarandi
1240 1447 1332 1496 utrum

248 1537 322 1616 apud
348 1556 378 1595 se
404 1537 569 1614 deposuerit
594 1536 708 1610 aliquod
736 1546 894 1616 peceatum,
915 1555 951 1593 v:
973 1555 1010 1613 g:
1038 1537 1064 1593 si
1089 1537 1190 1596 mulier
1216 1536 1337 1613 appellet

247 1637 463 1703 confessarium,
483 1645 576 1694 utrum
597 1655 629 1694 se
656 1637 830 1694 incusaverit
855 1635 1003 1702 adulterii;
1029 1654 1088 1694 non
1108 1635 1192 1694 debet
1212 1654 1336 1708 unquam

247 1734 412 1813 hujusmodi
437 1735 550 1793 licentia
569 1736 620 1803 uti,
643 1735 913 1808 quomodocumque
934 1753 979 1793 res
1001 1753 1032 1792 sc
1054 1735 1164 1803 habeat,
1186 1753 1251 1794 nam
1271 1753 1335 1794 eum

247 1854 352 1912 magno
373 1835 498 1912 periculo
518 1834 609 1902 fieret,
630 1834 706 1892 haud
726 1836 787 1893 sine
808 1836 902 1894 arcani
923 1835 1036 1912 injuria.
1084 1836 1156 1894 Post
1176 1835 1335 1911 penitentis

247 1944 366 1995 mortem
382 1944 477 1993 manet
489 1934 583 1992 arcani
595 1934 731 2010 ligamen,
746 1952 812 1992 nam
828 1952 913 1994 nemo
927 1935 1065 2011 patienter
1078 1934 1161 1992 ferret
1173 1953 1206 1991 ea
1219 1934 1337 1991 revelari

247 2053 310 2107 quae
331 2035 475 2092 memoriae
496 2035 559 2111 ejus
580 2032 775 2090 detraherent:
803 2034 911 2092 sedne
938 2034 1052 2106 quidem
1080 2052 1140 2106 quae
1162 2033 1196 2090 ad
1220 2031 1335 2090 laudem

248 2134 390 2208 pertinent
402 2131 526 2190 defuncti
536 2132 692 2210 detegenda
701 2143 768 2191 sunt
777 2141 892 2202 temere,
908 2129 1065 2210 prasertim
1078 2133 1102 2190 si
1114 2131 1231 2190 venialis
1245 2131 1335 2208 culpae

248 2231 442 2306 suspicionem
457 2231 594 2307 ingerant.

286 2334 336 2388 95.
372 2331 510 2397 Quamvis
537 2332 654 2390 vetitum
677 2331 715 2388 sit
734 2333 884 2404 exquirere
907 2333 1089 2408 complicem,
1113 2331 1185 2389 nihil
1207 2330 1337 2408 prohibet

246 2449 283 2489 ex
309 2431 471 2507 poenitentis
492 2431 616 2498 licentia,
643 2432 689 2490 vel
709 2440 818 2508 rogatu,
839 2450 905 2490 eum
933 2449 1058 2498 monere,
1091 2429 1142 2488 sed
1169 2431 1336 2508 plerumque

247 2531 282 2588 ab
303 2529 467 2607 hujusmodi
488 2531 645 2589 monitione
667 2529 864 2588 abstinendum
887 2540 939 2597 est,
960 2549 996 2588 ne
1019 2531 1147 2605 suspicio
1171 2531 1208 2586 sit
1233 2529 1336 2587 revela-

137 2655 140 2661 ’
247 2629 342 2695 tionis,
363 2629 408 2685 vel
429 2629 536 2686 invidia
556 2647 636 2686 sacro
657 2629 814 2687 ministerio
834 2637 1022 2705 comparetur.
1064 2628 1114 2686 Sic
1127 2629 1211 2685 etiam
1226 2647 1334 2686 morem

246 2744 344 2804 gerere
365 2726 603 2802 potensaesrdos
623 2727 735 2785 mulieri
757 2727 792 2785 de
816 2730 911 2804 pravis
933 2729 1026 2786 mariti
1048 2727 1172 2786 moribus
1195 2727 1335 2798 querenti,

247 2833 276 2884 et
288 2842 404 2900 operam
415 2825 479 2902 ejus
494 2826 659 2900 postulanti,
674 2836 704 2884 ut
724 2828 749 2884 si
772 2846 828 2898 qua
850 2828 959 2886 ratione
980 2827 1080 2903 possit,
1094 2843 1160 2883 eum
1184 2825 1218 2883 ad
1231 2827 1337 2884 bonam

246 2923 376 3001 redigere
390 2925 502 3001 frugem
516 2936 613 2984 curet:
636 2923 687 2982 sed
701 2926 750 2984 vix
765 2935 876 3003 oportet
889 2945 926 2984 ex
939 2927 1072 3002 precibus
1086 2926 1116 2984 in
1129 2924 1259 2983 tribunali
1273 2944 1338 3002 por·

246 3024 331 3084 rectis
345 3023 544 3097 delinquentes
559 3025 645 3084 adire.

286 3128 335 3183 96.
358 3125 416 3184 Ubi
439 3125 531 3202 agitur
551 3124 587 3182 de
607 3125 702 3202 sigillo
722 3125 870 3194 servando,
892 3125 1030 3203 probabili
1049 3125 1196 3184 sententia
1209 3123 1244 3182 de
1258 3124 1335 3182 licito

246 3209 301 3284 usu
322 3225 427 3283 notitiae
448 3242 485 3282 ex
511 3224 692 3283 confessione
713 3224 825 3298 habita,
847 3242 1028 3297 nequaquam
1051 3223 1250 3282 adherendum
1273 3231 1334 3290 est;

246 3341 335 3396 quum
348 3324 425 3380 eninr
438 3324 579 3399 poenitens
596 3325 646 3403 jus
667 3334 776 3383 certum
795 3324 896 3382 lrabeat
916 3342 952 3382 ne
972 3329 1069 3381 eorum
1090 3342 1153 3396 quae
1173 3322 1334 3382 confitendo

245 3423 339 3491 refert,
350 3423 425 3481 ullus
439 3423 488 3481 fiat
500 3443 569 3482 usus
579 3442 646 3482 cum
656 3425 700 3481 sui
711 3425 884 3501 gravamine,
896 3424 945 3496 qui
955 3431 1079 3485 uteretur
1089 3423 1229 3498 probabili
1240 3422 1337 3500 hujus·

248 3521 326 3579 modi
340 3522 488 3590 sententia,
502 3533 659 3599 exponeret
671 3541 702 3579 ee
722 3523 849 3598 periculo
863 3523 973 3599 injuriae
986 3521 1141 3580 inferendae
1150 3523 1179 3580 in
1189 3511 1335 3601 re'gravis·

247 3619 338 3676 sima:
361 3619 482 3692 ideoque
496 3623 640 3679 moraliter
653 3632 744 3679 certus
768 3639 831 3678 esse
851 3621 936 3679 debet
954 3621 1064 3680 nullum
1078 3623 1226 3696 poenitenti
1240 3641 1335 3698 grava·

247 3734 314 3775 men
328 3734 365 3774 ex
377 3735 431 3776 usu
443 3719 548 3776 notitiae
562 3720 710 3787 oriturum,
726 3728 756 3778 ut
768 3720 851 3778 liceat
863 3739 896 3777 ea
910 3720 1088 3793 aliquatenus
1102 3716 1168 3778 uti.l

286 3819 336 3876 97.
352 3817 497 3874 Poenitens
507 3818 626 3876 naturali
640 3816 763 3891 quodam
774 3819 908 3896 ligamine
923 3830 1034 3879 tenetur
1046 3819 1136 3877 celare
1149 3839 1213 3892 qure
1227 3820 1337 3878 confes·

248 3917 339 3976 sarius
352 3917 379 3974 ci
392 3916 422 3974 in
442 3915 574 3975 tribunali
595 3917 708 3985 dixerit,
731 3917 846 3976 consilii
866 3938 961 3987 eausa,
982 3928 1010 3978 et
1034 3919 1064 3978 in
1085 3921 1187 3979 enimse
1208 3919 1335 3985 salutem,

249 4019 407 4095 presertim
422 4034 485 4089 quae
499 4016 681 4075 incommoda
689 4017 726 4086 ei,
736 4017 781 4074 vel
795 4015 891 4076 odium
905 4027 1083 4077 sacramento
1094 4018 1195 4077 afferre
1204 4017 1336 4094 possenti

248 4135 313 4175 nam
336 4136 424 4190 quum
445 4135 547 4174 munus
568 4115 638 4174 illud
657 4118 687 4174 in
708 4116 870 4193 poenitentis
891 4117 1039 4177 utilitatem
1062 4127 1235 4186 exerceatur,
1257 4118 1339 4193 juxta

249 4215 341 4292 legem
356 4217 492 4284 divinam,
503 4225 613 4294 oportet
625 4225 656 4274 ut
668 4217 755 4275 libere
769 4225 799 4274 et
811 4217 916 4288 absque
929 4217 1106 4276 incommodi
1120 4229 1196 4276 metu
1211 4217 1338 4275 exerceri

250 4314 351 4373 valeat.
394 4316 510 4375 “Unde
532 4335 598 4376 eum
620 4316 810 4375 confessarius
832 4316 972 4394 obligatur
991 4316 1153 4376 necessarid
1166 4315 1202 4375 ad
1215 4314 1338 4375 dandum

617 4540 659 4606 p)
679 4537 704 4586 s.
719 4538 794 4604 urps.
806 4539 821 4589 1.
834 4539 865 4589 n.
877 4555 902 4590 n.
915 4541 972 4590 eae.
