3172 5172
245 543 303 600 172
492 537 549 598 Da
570 535 736 597 SlGILLO
758 534 1077 598 OONFESSIONIS.

245 715 309 766 tur:
331 715 505 783 quapropter
527 714 607 764 caute
629 704 771 782 agendum
792 713 845 774 cst,
870 722 906 762 ne
929 705 991 782 ipse
1014 703 1176 764 detrimenti
1195 703 1274 779 quid,
1289 705 1335 764 vel

243 805 416 884 gravaminis
431 807 561 882 patiatur.
604 803 774 863 Cavendum
796 823 832 862 ne
853 822 916 877 qum
939 805 1050 862 occulta
1070 805 1205 864 ineuntur
1217 804 1334 872 foedera,

244 905 289 964 vel
304 905 398 964 cades
412 912 566 982 patrantur,
582 904 675 980 palam
689 903 892 980 significentur,
914 904 1025 978 quoties
1038 923 1139 964 eorum
1152 906 1252 965 notitia
1264 922 1335 964 non·

245 1005 300 1064 nisi
313 1023 351 1064 ex
365 1005 545 1063 confessione
558 1003 683 1062 derivata
696 1013 749 1061 est.

284 1108 334 1163 87.
356 1104 549 1181 Interrogatus
569 1102 760 1162 confessarius
783 1109 876 1159 utrum
903 1103 968 1174 quis
995 1101 1069 1179 apud
1095 1122 1161 1162 eum
1184 1102 1334 1162 confessus

245 1203 340 1271 fuerit,
354 1204 457 1281 poterit
470 1202 637 1279 plerumque
651 1201 834 1278 respondere,
855 1210 941 1277 prout
962 1218 1008 1259 res
1031 1219 1062 1258 se
1076 1201 1169 1260 habet.
1211 1201 1296 1269 Quod
1310 1201 1336 1260 si

246 1303 318 1360 clam
332 1303 493 1368 accesserit,
508 1303 600 1378 ipsam
614 1301 825 1360 confessionem
837 1301 955 1358 celatam
976 1289 1088 1368 volens,
1113 1309 1212 1378 putant
1225 1300 1332 1378 plures,

246 1399 404 1474 etquidem
427 1411 513 1469 recte,
530 1400 627 1478 judice
651 1393 687 1459 S,
706 1400 866 1476 Alphonso,
887 1400 979 1476 frangi
999 1400 1137 1478 sigillum,
1158 1400 1183 1458 si
1203 1418 1335 1459 accessus

245 1501 309 1577 ejus
330 1519 346 1556 a
365 1500 541 1560 confessario
562 1500 728 1568 declaretur,
756 1517 820 1558 nam
842 1499 978 1574 gravioris
1005 1503 1114 1577 peccati
1139 1500 1334 1576 suspicionem

242 1598 324 1658 facile
351 1597 466 1677 injicit¹
515 1599 560 1658 De
586 1601 621 1658 iis
648 1609 741 1658 autem
774 1619 837 1672 quac
863 1597 1025 1658 confitendo
1050 1599 1236 1667 declarantur,
1263 1599 1336 1658 nihil

246 1717 363 1776 prorsus
386 1699 541 1758 dicendum
562 1710 623 1766 est;
645 1718 679 1756 ea
703 1701 778 1757 enim
800 1700 930 1776 ignorare
950 1708 1092 1768 censetur,
1118 1717 1207 1772 quum
1221 1699 1336 1758 nonnisi

190 1833 195 1840 -
247 1797 305 1857 Dei
318 1800 395 1858 vices
410 1799 519 1876 gerenti
532 1799 718 1856 innotescant.
761 1798 891 1856 “Homo
910 1815 968 1855 non
991 1797 1138 1857 adducitur
1158 1795 1189 1856 in
1209 1799 1336 1856 testimo·

247 1901 337 1967 nium,
352 1899 407 1958 nisi
420 1908 452 1956 nt
464 1898 563 1956 homo.
604 1898 645 1956 Et
658 1897 724 1956 ideo
738 1899 801 1956 sine
813 1898 931 1958 laesione
945 1898 1127 1956 conscientie
1142 1906 1235 1974 potest
1239 1897 1336 1973 jurare

250 2015 281 2055 se
294 1999 415 2065 nescire,
431 1997 508 2072 quod
521 1997 574 2054 scit
584 1998 691 2055 tantuin
701 2006 732 2055 ut
744 1991 876 2055 Deus.”²
915 1997 1006 2074 Igitur
1015 1998 1184 2073 simpliciter
1195 1996 1336 2074 denegare
1398 2009 1401 2019 '

248 2097 333 2155 debet
357 2115 389 2156 ss
412 2116 446 2154 ea
464 2115 569 2155 nosse:
591 2096 669 2169 quod
695 2098 721 2154 si
741 2095 855 2154 aliunde
880 2098 1000 2165 noverit,
1021 2096 1179 2155 cavendum
1204 2115 1241 2154 ne
1267 2094 1337 2169 quid

247 2197 352 2256 certius
366 2214 402 2254 ex
415 2196 596 2254 confessione
609 2196 775 2271 proferatur.
819 2195 865 2254 De
879 2195 1055 2254 absolutione
1065 2197 1252 2272 interrogatus
1266 2214 1336 2254 nun·

192 2309 198 2314 ·
249 2313 333 2368 quam
348 2294 431 2353 debet
443 2295 550 2368 aliquid
564 2294 714 2366 affirmare,
729 2314 818 2368 quum
831 2295 866 2353 de
880 2314 913 2352 ea
926 2296 1035 2353 nemini
1047 2294 1191 2354 reddenda
1207 2295 1243 2352 sit
1255 2295 1335 2362 ratio,

248 2395 304 2454 nisi
318 2397 348 2454 in
361 2414 443 2453 sacro
464 2395 605 2463 tribunali,
626 2397 651 2454 si
674 2395 745 2469 quid
757 2395 792 2454 de
806 2414 840 2453 ea
853 2395 1021 2469 deliquerit:
1045 2414 1102 2469 qno
1115 2405 1210 2453 tamen
1223 2403 1337 2462 eventu,

246 2494 284 2553 de
298 2487 519 2572 persona'altum
533 2496 705 2554 servandum
725 2504 768 2554 est
786 2495 941 2554 silentium.
984 2494 1049 2552 Nec
1064 2513 1145 2562 voce,
1159 2512 1212 2552 nec
1225 2485 1338 2570 scriptis
1363 2485 1366 2491 ’

249 2594 443 2652 testimonium
467 2593 503 2652 dc
526 2593 701 2652 absolutione
715 2612 851 2652 concessa
870 2611 995 2666 unquam
1009 2592 1132 2651 dandum
1152 2601 1211 2661 est;
1232 2592 1338 2650 namsi

249 2693 340 2750 semel
353 2692 517 2769 denegetur,
532 2691 599 2750 dum
614 2693 683 2750 alias
697 2693 771 2752 solet
783 2692 854 2760 dari,
875 2703 920 2752 est
938 2692 1074 2751 indicium
1087 2691 1197 2768 peccati
1210 2690 1337 2749 mortalis

250 2791 380 2858 admissi,
394 2792 477 2868 cnjus
491 2809 547 2849 non
562 2791 693 2867 poenituit
712 2791 905 2850 confitentem.
948 2791 1092 2850 Schednla
1110 2800 1202 2850 autem
1225 2789 1336 2848 confes·

250 2890 341 2948 sionis
363 2896 483 2967 peractae
509 2899 632 2948 nonest
654 2890 784 2967 neganda
803 2892 920 2967 petenti,
946 2892 1015 2949 lieet
1034 2891 1172 2950 absolutio
1198 2889 1262 2947 data
1281 2907 1339 2948 non

250 2990 345 3058 fuerit,
359 2999 388 3048 et
400 2989 458 3066 peti
473 2983 601 3048 videatur
611 2989 646 3048 ad
660 2991 722 3048 aliis
736 2990 929 3048 illudendum:
945 3008 1008 3048 eam
1023 2991 1100 3049 enim
1115 2989 1254 3066 denegare
1268 2989 1340 3048 foret

249 3089 387 3148 indirecta
418 3089 562 3158 revelatio,
590 3090 615 3146 si
645 3090 786 3164 aliquibus
808 3089 987 3148 consueverit
1007 3081 1093 3148 dari.³
1147 3090 1179 3146 Si
1206 3086 1337 3146 sacerdos

252 3191 382 3249 inviserit
403 3198 549 3266 agrotum,
574 3189 609 3248 ad
633 3208 718 3263 quem
741 3190 823 3257 alius,
844 3207 879 3246 eo
901 3200 1030 3266 rogante,
1050 3187 1193 3248 delaturus
1212 3196 1256 3244 est
1279 3188 1339 3246 Eu·

252 3289 427 3356 charistiam,
454 3287 500 3346 vel
527 3289 627 3347 ultima
651 3289 748 3348 salutis
778 3287 915 3356 subsidia,
935 3287 1018 3346 debet
1037 3288 1208 3364 simpliciter
1230 3285 1334 3353 dicere,

251 3405 282 3446 se
305 3390 367 3466 ejus
392 3389 542 3465 excepisse
566 3388 787 3447 confessionem.
829 3389 861 3445 Si
883 3387 976 3445 audita
996 3387 1177 3446 confessione
1197 3394 1278 3464 roget
1297 3405 1339 3442 aa·

251 3487 346 3555 crista,
361 3499 455 3546 utrum
480 3487 572 3546 danda
594 3489 632 3545 sit
653 3489 827 3555 communio,
849 3487 1017 3546 debetcum
1044 3488 1187 3544 remittere
1200 3486 1235 3544 ad
1249 3484 1339 3562 poeni·

252 3578 367 3652 tentem,
381 3586 426 3644 vel
440 3597 592 3663 expectare
612 3587 674 3662 ejus
695 3605 840 3644 accessum
856 3585 890 3644 ad
904 3605 1013 3645 sacram
1036 3581 1193 3644 mensam.⁴
1232 3586 1266 3643 si
1278 3601 1339 3642 rem

251 3683 367 3758 publice
381 3693 478 3740 notam
493 3702 555 3754 quae
571 3684 712 3759 objectum
728 3685 781 3741 fuit
794 3685 912 3761 peccati,
926 3685 1031 3761 pandat
1043 3686 1183 3762 poenitens
1196 3681 1339 3742 sacerdoti

249 3781 343 3839 adhuc
356 3782 420 3858 ejus
434 3782 543 3858 ignaro,
553 3782 628 3854 quod
643 3782 753 3841 scilicet
765 3792 871 3858 patrata
883 3783 920 3841 sit
929 3785 960 3842 in
973 3786 1073 3860 plataea
1083 3785 1117 3842 ab
1127 3784 1223 3856 aliquo
1237 3782 1340 3850 caedes,

250 3881 296 3940 vel
309 3881 385 3954 quod
399 3882 464 3954 quis
478 3881 627 3958 injudicio
640 3900 706 3938 reus
720 3883 758 3940 sit
770 3881 893 3951 habitus,
908 3900 966 3941 non
979 3893 1023 3943 est
1033 3903 1166 3942 arcanum
1180 3900 1338 3942 sacramen·

249 3982 315 4050 tale,
330 3981 380 4040 sed
394 3981 429 4040 de
440 4001 475 4040 eo
488 3982 568 4054 loqui
582 3998 639 4038 non
660 3989 771 4058 oportet
784 3979 875 4040 donec
890 3981 958 4040 alias
977 3983 1151 4042 confessario
1170 3984 1338 4042 innotescat.

279 4087 328 4142 88.
344 4083 438 4160 Sigilli
446 4081 581 4159 obligatio
589 4081 678 4140 oritur
691 4082 817 4140 exomni
830 4081 925 4140 etsola
935 4083 1116 4142 confessione
1127 4078 1335 4147 sacramentali,

248 4182 359 4242 scilicet
371 4202 435 4256 qne
449 4184 482 4242 fit
494 4181 528 4240 ad
543 4179 750 4240 absolutionem
764 4180 915 4253 aliquando
929 4181 1121 4250 obtinendam,
1142 4184 1171 4241 ei
1182 4181 1233 4254 qui
1246 4196 1338 4238 sacer·

244 4279 296 4340 dos
305 4281 434 4352 habetur,
448 4293 477 4342 et
485 4281 577 4361 judex
586 4281 740 4360 legitimus,
754 4280 808 4340 etsi
818 4281 1023 4342 absolutionem
1035 4299 1135 4360 reapse
1145 4275 1337 4340 non-concedi

186 4493 188 4497 ,
284 4441 325 4506 (1)
345 4439 525 4494 nassas.
695 4439 1325 4508 (a)s.raom.s=1pp1.in.p.qu.xaantaas.

281 4522 324 4588 (a)
343 4523 370 4571 s.
381 4524 456 4587 Alph.
467 4525 483 4572 1.
494 4525 526 4573 vr.
537 4541 563 4576 n.
572 4525 630 4572 aas.
694 4526 738 4590 (a)
757 4524 864 4576 naun.
876 4527 934 4575 aas.
