<?xml version="1.0" encoding="UTF-8"?>
<!DOCTYPE html PUBLIC "-//W3C//DTD XHTML 1.0 Transitional//EN"
    "http://www.w3.org/TR/xhtml1/DTD/xhtml1-transitional.dtd">
<html xmlns="http://www.w3.org/1999/xhtml" xml:lang="en" lang="en">
 <head>
  <title>
</title>
<meta http-equiv="Content-Type" content="text/html;charset=utf-8" />
  <meta name='ocr-system' content='tesseract 3.04.00' />
  <meta name='ocr-capabilities' content='ocr_page ocr_carea ocr_par ocr_line ocrx_word'/>
</head>
<body>
  <div class='ocr_page' id='page_1' title='image "./theologiaemoral02kenrgoog_0232.png"; bbox 0 0 3144 5192; ppageno 0'>
   <div class='ocr_carea' id='block_1_1' title="bbox 571 521 1311 586">
    <p class='ocr_par' dir='ltr' id='par_1_1' title="bbox 571 521 1311 586">
     <span class='ocr_line' id='line_1_1' title="bbox 571 521 1311 586; baseline 0.005 -4"><span class='ocrx_word' id='word_1_1' title='bbox 571 523 628 582; x_wconf 85' lang='lat' dir='ltr'>DE</span> <span class='ocrx_word' id='word_1_2' title='bbox 650 521 961 585; x_wconf 80' lang='lat' dir='ltr'><strong>ABSOLUTIONE.</strong></span> <span class='ocrx_word' id='word_1_3' title='bbox 1252 531 1311 586; x_wconf 78' lang='lat' dir='ltr'>ato</span> 
     </span>
    </p>
   </div>
   <div class='ocr_carea' id='block_1_2' title="bbox 222 689 1326 4347">
    <p class='ocr_par' dir='ltr' id='par_1_2' title="bbox 223 689 1314 868">
     <span class='ocr_line' id='line_1_2' title="bbox 223 689 1314 769; baseline 0.002 -19"><span class='ocrx_word' id='word_1_4' title='bbox 223 689 447 769; x_wconf 85' lang='lat' dir='ltr'>abmmpendum</span> <span class='ocrx_word' id='word_1_5' title='bbox 474 699 518 749; x_wconf 90' lang='lat' dir='ltr'>est</span> <span class='ocrx_word' id='word_1_6' title='bbox 543 692 728 759; x_wconf 83' lang='lat' dir='ltr'>consortium,</span> <span class='ocrx_word' id='word_1_7' title='bbox 752 690 798 748; x_wconf 89' lang='lat' dir='ltr'>vel</span> <span class='ocrx_word' id='word_1_8' title='bbox 823 689 982 751; x_wconf 88' lang='lat' dir='ltr'>adhibenda</span> <span class='ocrx_word' id='word_1_9' title='bbox 1004 691 1123 760; x_wconf 88' lang='lat' dir='ltr'>cautela,</span> <span class='ocrx_word' id='word_1_10' title='bbox 1146 702 1178 753; x_wconf 91' lang='lat' dir='ltr'>ut</span> <span class='ocrx_word' id='word_1_11' title='bbox 1198 695 1314 752; x_wconf 78' lang='lat' dir='ltr'>occasio</span> 
     </span>
     <span class='ocr_line' id='line_1_3' title="bbox 224 788 562 868; baseline -0.003 -19"><span class='ocrx_word' id='word_1_12' title='bbox 224 792 355 868; x_wconf 85' lang='lat' dir='ltr'>proxima</span> <span class='ocrx_word' id='word_1_13' title='bbox 367 809 431 849; x_wconf 87' lang='grc'><strong>1111</strong></span> <span class='ocrx_word' id='word_1_14' title='bbox 444 788 562 848; x_wconf 86' lang='lat' dir='ltr'>desinat.</span> 
     </span>
    </p>

    <p class='ocr_par' dir='ltr' id='par_1_3' title="bbox 222 882 1314 1760">
     <span class='ocr_line' id='line_1_4' title="bbox 268 882 1310 968; baseline 0 -20"><span class='ocrx_word' id='word_1_15' title='bbox 268 894 334 948; x_wconf 83' lang='lat' dir='ltr'>lat.</span> <span class='ocrx_word' id='word_1_16' title='bbox 355 890 412 957; x_wconf 78' lang='lat' dir='ltr'>Qui</span> <span class='ocrx_word' id='word_1_17' title='bbox 427 890 533 962; x_wconf 75' lang='lat' dir='ltr'>absque</span> <span class='ocrx_word' id='word_1_18' title='bbox 546 889 604 947; x_wconf 93' lang='lat' dir='ltr'>ulla</span> <span class='ocrx_word' id='word_1_19' title='bbox 617 882 808 966; x_wconf 71' lang='lat' dir='ltr'>promissione</span> <span class='ocrx_word' id='word_1_20' title='bbox 821 890 994 950; x_wconf 83' lang='lat' dir='ltr'>matrimonii</span> <span class='ocrx_word' id='word_1_21' title='bbox 1016 891 1190 950; x_wconf 78' lang='lat' dir='ltr'>consortium</span> <span class='ocrx_word' id='word_1_22' title='bbox 1212 891 1310 968; x_wconf 91' lang='lat' dir='ltr'>hujus·</span> 
     </span>
     <span class='ocr_line' id='line_1_5' title="bbox 223 989 1310 1069; baseline 0.001 -23"><span class='ocrx_word' id='word_1_23' title='bbox 223 989 302 1048; x_wconf 91' lang='lat' dir='ltr'>modi</span> <span class='ocrx_word' id='word_1_24' title='bbox 314 989 503 1063; x_wconf 80' lang='lat' dir='ltr'>frequentant,</span> <span class='ocrx_word' id='word_1_25' title='bbox 517 999 547 1047; x_wconf 91' lang='lat' dir='ltr'>et</span> <span class='ocrx_word' id='word_1_26' title='bbox 564 989 672 1056; x_wconf 90' lang='lat' dir='ltr'>oscula,</span> <span class='ocrx_word' id='word_1_27' title='bbox 687 990 777 1047; x_wconf 91' lang='lat' dir='ltr'>aliave</span> <span class='ocrx_word' id='word_1_28' title='bbox 795 991 899 1052; x_wconf 87' lang='lat' dir='ltr'>amoris</span> <span class='ocrx_word' id='word_1_29' title='bbox 911 989 1017 1047; x_wconf 90' lang='lat' dir='ltr'>indicia</span> <span class='ocrx_word' id='word_1_30' title='bbox 1028 989 1096 1048; x_wconf 92' lang='lat' dir='ltr'>dant</span> <span class='ocrx_word' id='word_1_31' title='bbox 1114 993 1310 1069; x_wconf 86' lang='lat' dir='ltr'>excipiuntve,</span> 
     </span>
     <span class='ocr_line' id='line_1_6' title="bbox 222 1089 1310 1167; baseline 0.001 -21"><span class='ocrx_word' id='word_1_32' title='bbox 222 1097 289 1147; x_wconf 91' lang='lat' dir='ltr'>sunt</span> <span class='ocrx_word' id='word_1_33' title='bbox 298 1089 328 1146; x_wconf 92' lang='lat' dir='ltr'>in</span> <span class='ocrx_word' id='word_1_34' title='bbox 337 1089 486 1148; x_wconf 81' lang='lat' dir='ltr'>occasione</span> <span class='ocrx_word' id='word_1_35' title='bbox 498 1089 640 1166; x_wconf 84' lang='lat' dir='ltr'>proxima,</span> <span class='ocrx_word' id='word_1_36' title='bbox 652 1107 738 1161; x_wconf 90' lang='lat' dir='ltr'>quam</span> <span class='ocrx_word' id='word_1_37' title='bbox 748 1089 878 1148; x_wconf 89' lang='lat' dir='ltr'>deserere</span> <span class='ocrx_word' id='word_1_38' title='bbox 890 1098 1030 1157; x_wconf 71' lang='lat' dir='ltr'>tenentum</span> <span class='ocrx_word' id='word_1_39' title='bbox 1045 1089 1106 1148; x_wconf 84' lang='lat' dir='ltr'>hoec</span> <span class='ocrx_word' id='word_1_40' title='bbox 1116 1092 1193 1150; x_wconf 90' lang='lat' dir='ltr'>enirn</span> <span class='ocrx_word' id='word_1_41' title='bbox 1202 1099 1310 1167; x_wconf 86' lang='lat' dir='ltr'>utpote,</span> 
     </span>
     <span class='ocr_line' id='line_1_7' title="bbox 222 1188 1311 1265; baseline 0 -19"><span class='ocrx_word' id='word_1_42' title='bbox 222 1188 300 1247; x_wconf 90' lang='lat' dir='ltr'>nulla</span> <span class='ocrx_word' id='word_1_43' title='bbox 324 1189 431 1247; x_wconf 87' lang='lat' dir='ltr'>ratione</span> <span class='ocrx_word' id='word_1_44' title='bbox 451 1189 645 1257; x_wconf 86' lang='lat' dir='ltr'>cohonestata‚</span> <span class='ocrx_word' id='word_1_45' title='bbox 660 1189 734 1246; x_wconf 91' lang='lat' dir='ltr'>inter</span> <span class='ocrx_word' id='word_1_46' title='bbox 754 1189 850 1265; x_wconf 89' lang='lat' dir='ltr'>gravia</span> <span class='ocrx_word' id='word_1_47' title='bbox 873 1197 989 1265; x_wconf 88' lang='lat' dir='ltr'>peccata</span> <span class='ocrx_word' id='word_1_48' title='bbox 1012 1189 1206 1248; x_wconf 88' lang='lat' dir='ltr'>enumeranda</span> <span class='ocrx_word' id='word_1_49' title='bbox 1224 1198 1311 1258; x_wconf 88' lang='lat' dir='ltr'>sunt;</span> 
     </span>
     <span class='ocr_line' id='line_1_8' title="bbox 222 1286 1312 1363; baseline 0 -17"><span class='ocrx_word' id='word_1_50' title='bbox 222 1288 350 1347; x_wconf 90' lang='lat' dir='ltr'>oriuntur</span> <span class='ocrx_word' id='word_1_51' title='bbox 359 1288 437 1346; x_wconf 91' lang='lat' dir='ltr'>enirn</span> <span class='ocrx_word' id='word_1_52' title='bbox 448 1305 486 1346; x_wconf 84' lang='lat' dir='ltr'>ex</span> <span class='ocrx_word' id='word_1_53' title='bbox 495 1286 623 1355; x_wconf 88' lang='lat' dir='ltr'>libidine,</span> <span class='ocrx_word' id='word_1_54' title='bbox 634 1296 663 1345; x_wconf 92' lang='lat' dir='ltr'>et</span> <span class='ocrx_word' id='word_1_55' title='bbox 672 1288 830 1363; x_wconf 89' lang='lat' dir='ltr'>pericnlum</span> <span class='ocrx_word' id='word_1_56' title='bbox 839 1286 1021 1346; x_wconf 83' lang='lat' dir='ltr'>manifestum</span> <span class='ocrx_word' id='word_1_57' title='bbox 1029 1287 1160 1347; x_wconf 89' lang='lat' dir='ltr'>afferunt.</span> <span class='ocrx_word' id='word_1_58' title='bbox 1202 1289 1312 1348; x_wconf 81' lang='lat' dir='ltr'>Puellae</span> 
     </span>
     <span class='ocr_line' id='line_1_9' title="bbox 223 1387 1314 1464; baseline 0.002 -19"><span class='ocrx_word' id='word_1_59' title='bbox 223 1405 287 1459; x_wconf 77' lang='lat' dir='ltr'>qua</span> <span class='ocrx_word' id='word_1_60' title='bbox 313 1387 474 1445; x_wconf 89' lang='lat' dir='ltr'>invisuntur</span> <span class='ocrx_word' id='word_1_61' title='bbox 499 1387 674 1459; x_wconf 85' lang='lat' dir='ltr'>aliquandiu,</span> <span class='ocrx_word' id='word_1_62' title='bbox 698 1396 820 1463; x_wconf 88' lang='lat' dir='ltr'>possunt</span> <span class='ocrx_word' id='word_1_63' title='bbox 839 1406 855 1444; x_wconf 94' lang='lat' dir='ltr'>a</span> <span class='ocrx_word' id='word_1_64' title='bbox 877 1387 956 1463; x_wconf 83' lang='lat' dir='ltr'>gravi</span> <span class='ocrx_word' id='word_1_65' title='bbox 982 1395 1099 1464; x_wconf 89' lang='lat' dir='ltr'>peccato</span> <span class='ocrx_word' id='word_1_66' title='bbox 1118 1388 1260 1456; x_wconf 87' lang='lat' dir='ltr'>excusari,</span> <span class='ocrx_word' id='word_1_67' title='bbox 1288 1389 1314 1448; x_wconf 88' lang='lat' dir='ltr'>si</span> 
     </span>
     <span class='ocr_line' id='line_1_10' title="bbox 226 1484 1314 1563; baseline 0.001 -19"><span class='ocrx_word' id='word_1_68' title='bbox 226 1484 411 1544; x_wconf 87' lang='lat' dir='ltr'>osculaband</span> <span class='ocrx_word' id='word_1_69' title='bbox 429 1485 550 1544; x_wconf 88' lang='lat' dir='ltr'>libenter</span> <span class='ocrx_word' id='word_1_70' title='bbox 572 1484 729 1554; x_wconf 89' lang='lat' dir='ltr'>admittant,</span> <span class='ocrx_word' id='word_1_71' title='bbox 751 1494 780 1542; x_wconf 90' lang='lat' dir='ltr'>et</span> <span class='ocrx_word' id='word_1_72' title='bbox 804 1504 886 1563; x_wconf 80' lang='lat' dir='ltr'>spem</span> <span class='ocrx_word' id='word_1_73' title='bbox 904 1485 1025 1544; x_wconf 87' lang='lat' dir='ltr'>habeant</span> <span class='ocrx_word' id='word_1_74' title='bbox 1044 1488 1223 1562; x_wconf 88' lang='lat' dir='ltr'>sponsalium</span> <span class='ocrx_word' id='word_1_75' title='bbox 1243 1505 1314 1547; x_wconf 86' lang='lat' dir='ltr'>mox</span> 
     </span>
     <span class='ocr_line' id='line_1_11' title="bbox 225 1583 1314 1664; baseline 0.002 -22"><span class='ocrx_word' id='word_1_76' title='bbox 225 1583 432 1643; x_wconf 82' lang='lat' dir='ltr'>faciendomm.</span> <span class='ocrx_word' id='word_1_77' title='bbox 475 1584 548 1643; x_wconf 83' lang='lat' dir='ltr'>Haec</span> <span class='ocrx_word' id='word_1_78' title='bbox 561 1585 633 1644; x_wconf 90' lang='lat' dir='ltr'>mihi</span> <span class='ocrx_word' id='word_1_79' title='bbox 646 1585 787 1654; x_wconf 90' lang='lat' dir='ltr'>videntur,</span> <span class='ocrx_word' id='word_1_80' title='bbox 802 1585 852 1644; x_wconf 94' lang='lat' dir='ltr'>sed</span> <span class='ocrx_word' id='word_1_81' title='bbox 866 1603 925 1642; x_wconf 90' lang='lat' dir='ltr'>rem</span> <span class='ocrx_word' id='word_1_82' title='bbox 947 1584 1119 1644; x_wconf 87' lang='lat' dir='ltr'>difficultatis</span> <span class='ocrx_word' id='word_1_83' title='bbox 1140 1587 1253 1664; x_wconf 87' lang='lat' dir='ltr'>plenam</span> <span class='ocrx_word' id='word_1_84' title='bbox 1277 1585 1314 1644; x_wconf 92' lang='lat' dir='ltr'>ad</span> 
     </span>
     <span class='ocr_line' id='line_1_12' title="bbox 226 1684 551 1760; baseline 0.009 -20"><span class='ocrx_word' id='word_1_85' title='bbox 226 1684 414 1760; x_wconf 87' lang='lat' dir='ltr'>sapientiores</span> <span class='ocrx_word' id='word_1_86' title='bbox 428 1685 551 1743; x_wconf 91' lang='lat' dir='ltr'>remitto.</span> 
     </span>
    </p>

    <p class='ocr_par' dir='ltr' id='par_1_4' title="bbox 225 1774 1320 2754">
     <span class='ocr_line' id='line_1_13' title="bbox 270 1774 1316 1860; baseline 0.002 -20"><span class='ocrx_word' id='word_1_87' title='bbox 270 1785 337 1840; x_wconf 85' lang='lat'><strong>195.</strong></span> <span class='ocrx_word' id='word_1_88' title='bbox 360 1784 605 1858; x_wconf 86' lang='lat' dir='ltr'>Quotiescumque</span> <span class='ocrx_word' id='word_1_89' title='bbox 618 1783 754 1842; x_wconf 85' lang='lat' dir='ltr'>remediis</span> <span class='ocrx_word' id='word_1_90' title='bbox 774 1783 878 1860; x_wconf 88' lang='lat' dir='ltr'>pluries</span> <span class='ocrx_word' id='word_1_91' title='bbox 900 1783 1042 1854; x_wconf 89' lang='lat' dir='ltr'>adhibitis,</span> <span class='ocrx_word' id='word_1_92' title='bbox 1056 1774 1187 1844; x_wconf 89' lang='lat' dir='ltr'>oratione</span> <span class='ocrx_word' id='word_1_93' title='bbox 1198 1787 1316 1853; x_wconf 89' lang='lat' dir='ltr'>scilicet,</span> 
     </span>
     <span class='ocr_line' id='line_1_14' title="bbox 227 1882 1316 1960; baseline 0.002 -20"><span class='ocrx_word' id='word_1_94' title='bbox 227 1901 322 1941; x_wconf 90' lang='lat' dir='ltr'>rerum</span> <span class='ocrx_word' id='word_1_95' title='bbox 334 1891 499 1941; x_wconf 77' lang='lat' dir='ltr'>aeternarum</span> <span class='ocrx_word' id='word_1_96' title='bbox 514 1884 706 1950; x_wconf 85' lang='lat' dir='ltr'>meditatione,</span> <span class='ocrx_word' id='word_1_97' title='bbox 713 1883 834 1960; x_wconf 89' lang='lat' dir='ltr'>jejunio,</span> <span class='ocrx_word' id='word_1_98' title='bbox 843 1892 910 1951; x_wconf 81' lang='lat' dir='ltr'>etc,</span> <span class='ocrx_word' id='word_1_99' title='bbox 919 1882 1080 1943; x_wconf 91' lang='lat' dir='ltr'>emendatio</span> <span class='ocrx_word' id='word_1_100' title='bbox 1090 1886 1168 1944; x_wconf 91' lang='lat' dir='ltr'>nulla</span> <span class='ocrx_word' id='word_1_101' title='bbox 1178 1887 1316 1958; x_wconf 90' lang='lat' dir='ltr'>sequitur,</span> 
     </span>
     <span class='ocr_line' id='line_1_15' title="bbox 227 1981 1316 2060; baseline 0.001 -19"><span class='ocrx_word' id='word_1_102' title='bbox 227 1981 351 2041; x_wconf 88' lang='lat' dir='ltr'>tollenda</span> <span class='ocrx_word' id='word_1_103' title='bbox 363 1991 406 2040; x_wconf 89' lang='lat' dir='ltr'>est</span> <span class='ocrx_word' id='word_1_104' title='bbox 425 1984 539 2042; x_wconf 90' lang='lat' dir='ltr'>occasio</span> <span class='ocrx_word' id='word_1_105' title='bbox 559 2000 740 2056; x_wconf 89' lang='lat' dir='ltr'>quacumque</span> <span class='ocrx_word' id='word_1_106' title='bbox 755 2001 820 2041; x_wconf 92' lang='lat' dir='ltr'>curn</span> <span class='ocrx_word' id='word_1_107' title='bbox 829 1983 950 2060; x_wconf 86' lang='lat' dir='ltr'>jactura,</span> <span class='ocrx_word' id='word_1_108' title='bbox 964 2002 1000 2040; x_wconf 92' lang='lat' dir='ltr'>ne</span> <span class='ocrx_word' id='word_1_109' title='bbox 1021 1983 1115 2042; x_wconf 85' lang='lat' dir='ltr'>anima</span> <span class='ocrx_word' id='word_1_110' title='bbox 1134 1985 1164 2042; x_wconf 93' lang='lat' dir='ltr'>in</span> <span class='ocrx_word' id='word_1_111' title='bbox 1178 1994 1316 2043; x_wconf 74' lang='lat' dir='ltr'>aternum</span> 
     </span>
     <span class='ocr_line' id='line_1_16' title="bbox 225 2081 1317 2160; baseline 0 -20"><span class='ocrx_word' id='word_1_112' title='bbox 225 2091 331 2159; x_wconf 87' lang='lat' dir='ltr'>pereat.</span> <span class='ocrx_word' id='word_1_113' title='bbox 375 2081 453 2140; x_wconf 91' lang='lat' dir='ltr'>Hinc</span> <span class='ocrx_word' id='word_1_114' title='bbox 473 2084 634 2142; x_wconf 90' lang='lat' dir='ltr'>communis</span> <span class='ocrx_word' id='word_1_115' title='bbox 649 2093 694 2140; x_wconf 91' lang='lat' dir='ltr'>est</span> <span class='ocrx_word' id='word_1_116' title='bbox 706 2083 855 2150; x_wconf 87' lang='lat' dir='ltr'>sententia,</span> <span class='ocrx_word' id='word_1_117' title='bbox 870 2091 941 2140; x_wconf 88' lang='lat' dir='ltr'>teste</span> <span class='ocrx_word' id='word_1_118' title='bbox 955 2083 987 2140; x_wconf 76' lang='lat' dir='ltr'>S.</span> <span class='ocrx_word' id='word_1_119' title='bbox 1010 2083 1172 2160; x_wconf 85' lang='lat' dir='ltr'>Alphonso,</span> <span class='ocrx_word' id='word_1_120' title='bbox 1187 2103 1253 2144; x_wconf 91' lang='lat' dir='ltr'>eum</span> <span class='ocrx_word' id='word_1_121' title='bbox 1268 2084 1317 2156; x_wconf 89' lang='lat' dir='ltr'>qui</span> 
     </span>
     <span class='ocr_line' id='line_1_17' title="bbox 226 2179 1318 2258; baseline 0.001 -19"><span class='ocrx_word' id='word_1_122' title='bbox 226 2179 360 2240; x_wconf 89' lang='lat' dir='ltr'>remediis</span> <span class='ocrx_word' id='word_1_123' title='bbox 380 2181 513 2240; x_wconf 85' lang='lat' dir='ltr'>adhibitis</span> <span class='ocrx_word' id='word_1_124' title='bbox 534 2201 592 2241; x_wconf 90' lang='lat' dir='ltr'>non</span> <span class='ocrx_word' id='word_1_125' title='bbox 612 2180 787 2250; x_wconf 90' lang='lat' dir='ltr'>emendatur,</span> <span class='ocrx_word' id='word_1_126' title='bbox 810 2191 897 2242; x_wconf 90' lang='lat' dir='ltr'>“non</span> <span class='ocrx_word' id='word_1_127' title='bbox 918 2201 1004 2258; x_wconf 88' lang='lat' dir='ltr'>posse</span> <span class='ocrx_word' id='word_1_128' title='bbox 1025 2183 1144 2252; x_wconf 88' lang='lat' dir='ltr'>absolvi,</span> <span class='ocrx_word' id='word_1_129' title='bbox 1159 2185 1215 2242; x_wconf 89' lang='lat' dir='ltr'>nisi</span> <span class='ocrx_word' id='word_1_130' title='bbox 1236 2202 1318 2242; x_wconf 90' lang='lat' dir='ltr'>occa·</span> 
     </span>
     <span class='ocr_line' id='line_1_18' title="bbox 227 2278 1319 2358; baseline 0.004 -22"><span class='ocrx_word' id='word_1_131' title='bbox 227 2279 337 2338; x_wconf 79' lang='lat' dir='ltr'>aionem</span> <span class='ocrx_word' id='word_1_132' title='bbox 359 2278 470 2339; x_wconf 89' lang='lat' dir='ltr'>deserat</span> <span class='ocrx_word' id='word_1_133' title='bbox 490 2300 555 2339; x_wconf 91' lang='grc'><strong>1111</strong></span> <span class='ocrx_word' id='word_1_134' title='bbox 571 2283 681 2358; x_wconf 86' lang='lat' dir='ltr'>jactura</span> <span class='ocrx_word' id='word_1_135' title='bbox 701 2281 794 2338; x_wconf 92' lang='lat' dir='ltr'>adhuc</span> <span class='ocrx_word' id='word_1_136' title='bbox 817 2282 891 2348; x_wconf 82' lang='lat' dir='ltr'>vitae,</span> <span class='ocrx_word' id='word_1_137' title='bbox 909 2281 935 2338; x_wconf 88' lang='lat' dir='ltr'>si</span> <span class='ocrx_word' id='word_1_138' title='bbox 948 2301 1020 2358; x_wconf 92' lang='lat' dir='ltr'>opus</span> <span class='ocrx_word' id='word_1_139' title='bbox 1042 2284 1088 2352; x_wconf 88' lang='lat' dir='ltr'>sit,</span> <span class='ocrx_word' id='word_1_140' title='bbox 1103 2283 1218 2355; x_wconf 90' lang='lat' dir='ltr'>quando</span> <span class='ocrx_word' id='word_1_141' title='bbox 1240 2283 1319 2342; x_wconf 92' lang='lat' dir='ltr'>nulla</span> 
     </span>
     <span class='ocr_line' id='line_1_19' title="bbox 229 2377 1319 2459; baseline 0.002 -23"><span class='ocrx_word' id='word_1_142' title='bbox 229 2377 400 2447; x_wconf 83' lang='lat' dir='ltr'>emendatio,</span> <span class='ocrx_word' id='word_1_143' title='bbox 415 2397 468 2438; x_wconf 90' lang='lat' dir='ltr'>neo</span> <span class='ocrx_word' id='word_1_144' title='bbox 488 2381 641 2456; x_wconf 88' lang='lat' dir='ltr'>probabilis</span> <span class='ocrx_word' id='word_1_145' title='bbox 655 2399 721 2458; x_wconf 75' lang='lat' dir='ltr'>apes</span> <span class='ocrx_word' id='word_1_146' title='bbox 743 2379 951 2439; x_wconf 88' lang='lat' dir='ltr'>emendationis</span> <span class='ocrx_word' id='word_1_147' title='bbox 970 2389 1110 2457; x_wconf 88' lang='lat' dir='ltr'>appareat.</span> <span class='ocrx_word' id='word_1_148' title='bbox 1153 2383 1238 2459; x_wconf 88' lang='lat' dir='ltr'>Ratio</span> <span class='ocrx_word' id='word_1_149' title='bbox 1252 2381 1319 2455; x_wconf 90' lang='lat' dir='ltr'>quia</span> 
     </span>
     <span class='ocr_line' id='line_1_20' title="bbox 229 2477 1318 2558; baseline 0.002 -22"><span class='ocrx_word' id='word_1_150' title='bbox 229 2477 318 2536; x_wconf 90' lang='lat' dir='ltr'>homo</span> <span class='ocrx_word' id='word_1_151' title='bbox 331 2485 440 2538; x_wconf 86' lang='lat' dir='ltr'>tenetur</span> <span class='ocrx_word' id='word_1_152' title='bbox 453 2497 518 2538; x_wconf 90' lang='grc'><strong>1111</strong></span> <span class='ocrx_word' id='word_1_153' title='bbox 532 2480 611 2538; x_wconf 91' lang='lat' dir='ltr'>omni</span> <span class='ocrx_word' id='word_1_154' title='bbox 626 2482 737 2558; x_wconf 88' lang='lat' dir='ltr'>jactura</span> <span class='ocrx_word' id='word_1_155' title='bbox 751 2481 837 2538; x_wconf 91' lang='lat' dir='ltr'>vitare</span> <span class='ocrx_word' id='word_1_156' title='bbox 852 2480 1009 2555; x_wconf 90' lang='lat' dir='ltr'>periculum</span> <span class='ocrx_word' id='word_1_157' title='bbox 1024 2481 1188 2556; x_wconf 86' lang='lat' dir='ltr'>proximum</span> <span class='ocrx_word' id='word_1_158' title='bbox 1209 2481 1318 2558; x_wconf 89' lang='lat' dir='ltr'>peccati</span> 
     </span>
     <span class='ocr_line' id='line_1_21' title="bbox 228 2574 1320 2650; baseline 0 -14"><span class='ocrx_word' id='word_1_159' title='bbox 228 2574 407 2636; x_wconf 82' lang='lat' dir='ltr'>formalis.&#39;¹1</span> <span class='ocrx_word' id='word_1_160' title='bbox 460 2578 493 2636; x_wconf 82' lang='lat' dir='ltr'>si</span> <span class='ocrx_word' id='word_1_161' title='bbox 513 2588 606 2638; x_wconf 91' lang='lat' dir='ltr'>tamen</span> <span class='ocrx_word' id='word_1_162' title='bbox 634 2579 854 2638; x_wconf 83' lang='lat' dir='ltr'>extraordinaria</span> <span class='ocrx_word' id='word_1_163' title='bbox 885 2577 985 2638; x_wconf 88' lang='lat' dir='ltr'>dentur</span> <span class='ocrx_word' id='word_1_164' title='bbox 1004 2580 1111 2639; x_wconf 89' lang='lat' dir='ltr'>doloris</span> <span class='ocrx_word' id='word_1_165' title='bbox 1132 2580 1246 2650; x_wconf 91' lang='lat' dir='ltr'>indicia,</span> <span class='ocrx_word' id='word_1_166' title='bbox 1267 2580 1320 2639; x_wconf 90' lang='lat' dir='ltr'>erit</span> 
     </span>
     <span class='ocr_line' id='line_1_22' title="bbox 229 2676 614 2754; baseline 0.003 -20"><span class='ocrx_word' id='word_1_167' title='bbox 229 2695 296 2754; x_wconf 86' lang='lat' dir='ltr'>spes</span> <span class='ocrx_word' id='word_1_168' title='bbox 310 2676 527 2738; x_wconf 79' lang='lat' dir='ltr'>emendationis.</span> <span class='ocrx_word' id='word_1_169' title='bbox 611 2681 614 2687; x_wconf 79' lang='grc'>’</span> 
     </span>
    </p>

    <p class='ocr_par' dir='ltr' id='par_1_5' title="bbox 228 2777 1326 4347">
     <span class='ocr_line' id='line_1_23' title="bbox 262 2777 1317 2856; baseline 0.005 -21"><span class='ocrx_word' id='word_1_170' title='bbox 262 2780 329 2836; x_wconf 81' lang='lat' dir='ltr'>leo.</span> <span class='ocrx_word' id='word_1_171' title='bbox 338 2777 420 2836; x_wconf 89' lang='lat' dir='ltr'>Licet</span> <span class='ocrx_word' id='word_1_172' title='bbox 427 2797 512 2836; x_wconf 91' lang='lat' dir='ltr'>causa</span> <span class='ocrx_word' id='word_1_173' title='bbox 523 2779 616 2852; x_wconf 92' lang='lat' dir='ltr'>aliqua</span> <span class='ocrx_word' id='word_1_174' title='bbox 624 2779 701 2838; x_wconf 90' lang='lat' dir='ltr'>utilis</span> <span class='ocrx_word' id='word_1_175' title='bbox 712 2789 759 2837; x_wconf 93' lang='lat' dir='ltr'>aut</span> <span class='ocrx_word' id='word_1_176' title='bbox 767 2779 888 2837; x_wconf 89' lang='lat' dir='ltr'>honesta</span> <span class='ocrx_word' id='word_1_177' title='bbox 898 2781 1059 2856; x_wconf 85' lang='lat' dir='ltr'>proximam</span> <span class='ocrx_word' id='word_1_178' title='bbox 1069 2781 1249 2840; x_wconf 88' lang='lat' dir='ltr'>occasionem</span> <span class='ocrx_word' id='word_1_179' title='bbox 1259 2799 1317 2840; x_wconf 91' lang='lat' dir='ltr'>non</span> 
     </span>
     <span class='ocr_line' id='line_1_24' title="bbox 231 2876 1320 2957; baseline 0.003 -22"><span class='ocrx_word' id='word_1_180' title='bbox 231 2876 360 2953; x_wconf 83' lang='lat' dir='ltr'>fugiendi</span> <span class='ocrx_word' id='word_1_181' title='bbox 368 2887 506 2945; x_wconf 90' lang='lat' dir='ltr'>occurrat,</span> <span class='ocrx_word' id='word_1_182' title='bbox 515 2877 650 2954; x_wconf 81' lang='lat' dir='ltr'>fugienda</span> <span class='ocrx_word' id='word_1_183' title='bbox 658 2887 752 2937; x_wconf 89' lang='lat' dir='ltr'>tamen</span> <span class='ocrx_word' id='word_1_184' title='bbox 761 2889 813 2949; x_wconf 88' lang='lat' dir='ltr'>est,</span> <span class='ocrx_word' id='word_1_185' title='bbox 823 2898 888 2937; x_wconf 88' lang='lat' dir='ltr'>nam</span> <span class='ocrx_word' id='word_1_186' title='bbox 899 2881 1000 2938; x_wconf 77' lang='lat' dir='ltr'>anime</span> <span class='ocrx_word' id='word_1_187' title='bbox 1009 2881 1093 2939; x_wconf 90' lang='lat' dir='ltr'>saluti</span> <span class='ocrx_word' id='word_1_188' title='bbox 1104 2882 1245 2957; x_wconf 90' lang='lat' dir='ltr'>imprimis</span> <span class='ocrx_word' id='word_1_189' title='bbox 1254 2899 1320 2938; x_wconf 88' lang='lat' dir='ltr'>con·</span> 
     </span>
     <span class='ocr_line' id='line_1_25' title="bbox 231 2974 1318 3055; baseline 0.005 -22"><span class='ocrx_word' id='word_1_190' title='bbox 231 2974 398 3033; x_wconf 84' lang='lat' dir='ltr'>solendum:</span> <span class='ocrx_word' id='word_1_191' title='bbox 421 2985 594 3053; x_wconf 90' lang='lat' dir='ltr'>quapropter</span> <span class='ocrx_word' id='word_1_192' title='bbox 610 2977 741 3036; x_wconf 88' lang='lat' dir='ltr'>damnata</span> <span class='ocrx_word' id='word_1_193' title='bbox 753 2989 798 3035; x_wconf 92' lang='lat' dir='ltr'>est</span> <span class='ocrx_word' id='word_1_194' title='bbox 819 2978 993 3055; x_wconf 88' lang='lat' dir='ltr'>propositio:</span> <span class='ocrx_word' id='word_1_195' title='bbox 1017 2987 1036 3014; x_wconf 88' lang='lat'>“</span> <span class='ocrx_word' id='word_1_196' title='bbox 1048 2981 1187 3039; x_wconf 84' lang='lat' dir='ltr'>Proxima</span> <span class='ocrx_word' id='word_1_197' title='bbox 1203 2981 1318 3038; x_wconf 90' lang='lat' dir='ltr'>occasio</span> 
     </span>
     <span class='ocr_line' id='line_1_26' title="bbox 231 3071 1319 3152; baseline 0.005 -22"><span class='ocrx_word' id='word_1_198' title='bbox 231 3074 341 3152; x_wconf 87' lang='lat' dir='ltr'>peccati</span> <span class='ocrx_word' id='word_1_199' title='bbox 354 3093 412 3132; x_wconf 92' lang='lat' dir='ltr'>non</span> <span class='ocrx_word' id='word_1_200' title='bbox 425 3085 468 3132; x_wconf 90' lang='lat' dir='ltr'>est</span> <span class='ocrx_word' id='word_1_201' title='bbox 480 3075 625 3152; x_wconf 80' lang='lat' dir='ltr'>fugienda,</span> <span class='ocrx_word' id='word_1_202' title='bbox 636 3071 751 3149; x_wconf 89' lang='lat' dir='ltr'>quando</span> <span class='ocrx_word' id='word_1_203' title='bbox 767 3096 852 3135; x_wconf 85' lang='lat' dir='ltr'>causa</span> <span class='ocrx_word' id='word_1_204' title='bbox 865 3076 960 3150; x_wconf 88' lang='lat' dir='ltr'>aliqua</span> <span class='ocrx_word' id='word_1_205' title='bbox 970 3077 1057 3146; x_wconf 85' lang='lat' dir='ltr'>utilis,</span> <span class='ocrx_word' id='word_1_206' title='bbox 1071 3088 1118 3135; x_wconf 91' lang='lat' dir='ltr'>aut</span> <span class='ocrx_word' id='word_1_207' title='bbox 1131 3079 1252 3135; x_wconf 89' lang='lat' dir='ltr'>honesta</span> <span class='ocrx_word' id='word_1_208' title='bbox 1261 3096 1319 3136; x_wconf 93' lang='lat' dir='ltr'>non</span> 
     </span>
     <span class='ocr_line' id='line_1_27' title="bbox 231 3169 1319 3250; baseline 0.001 -17"><span class='ocrx_word' id='word_1_209' title='bbox 231 3169 542 3250; x_wconf 54' lang='grc' dir='ltr'>11111111111111111Ρ2</span> <span class='ocrx_word' id='word_1_210' title='bbox 580 3176 648 3234; x_wconf 87' lang='lat' dir='ltr'>Fuit</span> <span class='ocrx_word' id='word_1_211' title='bbox 661 3177 710 3249; x_wconf 92' lang='lat' dir='ltr'>qui</span> <span class='ocrx_word' id='word_1_212' title='bbox 724 3177 830 3235; x_wconf 89' lang='lat' dir='ltr'>diceret</span> <span class='ocrx_word' id='word_1_213' title='bbox 842 3176 928 3234; x_wconf 89' lang='lat' dir='ltr'>licere</span> <span class='ocrx_word' id='word_1_214' title='bbox 943 3195 1069 3250; x_wconf 74' lang='lat' dir='ltr'>quarere</span> <span class='ocrx_word' id='word_1_215' title='bbox 1083 3176 1192 3236; x_wconf 59' lang='lat' dir='ltr'>directe,</span> <span class='ocrx_word' id='word_1_216' title='bbox 1202 3194 1319 3234; x_wconf 86' lang='lat' dir='ltr'>causam</span> 
     </span>
     <span class='ocr_line' id='line_1_28' title="bbox 230 3273 1320 3354; baseline 0.004 -24"><span class='ocrx_word' id='word_1_217' title='bbox 230 3273 393 3349; x_wconf 87' lang='lat' dir='ltr'>proximam</span> <span class='ocrx_word' id='word_1_218' title='bbox 400 3273 598 3350; x_wconf 87' lang='lat' dir='ltr'>peccandipro</span> <span class='ocrx_word' id='word_1_219' title='bbox 608 3276 683 3333; x_wconf 91' lang='lat' dir='ltr'>bono</span> <span class='ocrx_word' id='word_1_220' title='bbox 692 3276 833 3353; x_wconf 89' lang='lat' dir='ltr'>spirituali</span> <span class='ocrx_word' id='word_1_221' title='bbox 841 3276 888 3333; x_wconf 89' lang='lat' dir='ltr'>vel</span> <span class='ocrx_word' id='word_1_222' title='bbox 896 3277 1045 3352; x_wconf 90' lang='lat' dir='ltr'>temporali</span> <span class='ocrx_word' id='word_1_223' title='bbox 1053 3286 1160 3344; x_wconf 90' lang='lat' dir='ltr'>nostro,</span> <span class='ocrx_word' id='word_1_224' title='bbox 1171 3277 1215 3335; x_wconf 89' lang='lat' dir='ltr'>vel</span> <span class='ocrx_word' id='word_1_225' title='bbox 1224 3276 1320 3354; x_wconf 84' lang='lat' dir='ltr'>proxi·</span> 
     </span>
     <span class='ocr_line' id='line_1_29' title="bbox 229 3365 1320 3453; baseline 0.004 -23"><span class='ocrx_word' id='word_1_226' title='bbox 229 3365 325 3430; x_wconf 77' lang='grc'>111;”3</span> <span class='ocrx_word' id='word_1_227' title='bbox 338 3372 389 3432; x_wconf 90' lang='lat' dir='ltr'>sed</span> <span class='ocrx_word' id='word_1_228' title='bbox 403 3374 534 3432; x_wconf 91' lang='lat' dir='ltr'>abhorret</span> <span class='ocrx_word' id='word_1_229' title='bbox 544 3374 579 3431; x_wconf 90' lang='lat' dir='ltr'>ab</span> <span class='ocrx_word' id='word_1_230' title='bbox 593 3376 671 3433; x_wconf 89' lang='lat' dir='ltr'>omui</span> <span class='ocrx_word' id='word_1_231' title='bbox 683 3376 796 3453; x_wconf 88' lang='lat' dir='ltr'>pietatis</span> <span class='ocrx_word' id='word_1_232' title='bbox 810 3394 907 3444; x_wconf 88' lang='lat' dir='ltr'>sensu,</span> <span class='ocrx_word' id='word_1_233' title='bbox 916 3394 1004 3450; x_wconf 92' lang='lat' dir='ltr'>quum</span> <span class='ocrx_word' id='word_1_234' title='bbox 1019 3370 1165 3452; x_wconf 87' lang='lat' dir='ltr'>peccatum</span> <span class='ocrx_word' id='word_1_235' title='bbox 1179 3377 1217 3434; x_wconf 88' lang='lat' dir='ltr'>sit</span> <span class='ocrx_word' id='word_1_236' title='bbox 1229 3394 1280 3452; x_wconf 89' lang='lat' dir='ltr'>per</span> <span class='ocrx_word' id='word_1_237' title='bbox 1288 3395 1320 3434; x_wconf 86' lang='grc'>11</span> 
     </span>
     <span class='ocr_line' id='line_1_30' title="bbox 232 3471 1321 3546; baseline 0.003 -16"><span class='ocrx_word' id='word_1_238' title='bbox 232 3471 349 3541; x_wconf 90' lang='lat' dir='ltr'>malum,</span> <span class='ocrx_word' id='word_1_239' title='bbox 364 3474 441 3546; x_wconf 88' lang='lat' dir='ltr'>quod</span> <span class='ocrx_word' id='word_1_240' title='bbox 454 3473 560 3532; x_wconf 91' lang='lat' dir='ltr'>nullius</span> <span class='ocrx_word' id='word_1_241' title='bbox 574 3475 641 3533; x_wconf 89' lang='lat' dir='ltr'>boni</span> <span class='ocrx_word' id='word_1_242' title='bbox 654 3476 769 3533; x_wconf 88' lang='lat' dir='ltr'>obtentu</span> <span class='ocrx_word' id='word_1_243' title='bbox 784 3474 946 3534; x_wconf 82' lang='lat' dir='ltr'>faciendum</span> <span class='ocrx_word' id='word_1_244' title='bbox 967 3484 1020 3534; x_wconf 90' lang='lat' dir='ltr'>est.</span> <span class='ocrx_word' id='word_1_245' title='bbox 1064 3476 1149 3543; x_wconf 80' lang='lat' dir='ltr'>Quod</span> <span class='ocrx_word' id='word_1_246' title='bbox 1164 3477 1188 3534; x_wconf 92' lang='grc'>11</span> <span class='ocrx_word' id='word_1_247' title='bbox 1202 3485 1321 3533; x_wconf 87' lang='lat' dir='ltr'>externa</span> 
     </span>
     <span class='ocr_line' id='line_1_31' title="bbox 230 3574 1322 3659; baseline 0.004 -29"><span class='ocrx_word' id='word_1_248' title='bbox 230 3574 343 3631; x_wconf 89' lang='lat' dir='ltr'>occasio</span> <span class='ocrx_word' id='word_1_249' title='bbox 357 3574 467 3650; x_wconf 89' lang='lat' dir='ltr'>peceati</span> <span class='ocrx_word' id='word_1_250' title='bbox 480 3574 592 3632; x_wconf 91' lang='lat' dir='ltr'>muneri</span> <span class='ocrx_word' id='word_1_251' title='bbox 605 3593 658 3633; x_wconf 85' lang='lat' dir='ltr'>suo</span> <span class='ocrx_word' id='word_1_252' title='bbox 672 3575 816 3659; x_wconf 81' lang='lat' dir='ltr'>inhaereat,</span> <span class='ocrx_word' id='word_1_253' title='bbox 831 3583 935 3634; x_wconf 91' lang='lat' dir='ltr'>etcum</span> <span class='ocrx_word' id='word_1_254' title='bbox 950 3594 1052 3653; x_wconf 89' lang='lat' dir='ltr'>magna</span> <span class='ocrx_word' id='word_1_255' title='bbox 1066 3577 1111 3634; x_wconf 89' lang='lat' dir='ltr'>sui</span> <span class='ocrx_word' id='word_1_256' title='bbox 1121 3576 1238 3634; x_wconf 89' lang='lat' dir='ltr'>utilitate</span> <span class='ocrx_word' id='word_1_257' title='bbox 1253 3595 1322 3634; x_wconf 89' lang='lat' dir='ltr'>con·</span> 
     </span>
     <span class='ocr_line' id='line_1_32' title="bbox 228 3672 1321 3750; baseline 0.005 -21"><span class='ocrx_word' id='word_1_258' title='bbox 228 3672 327 3747; x_wconf 86' lang='lat' dir='ltr'>juncta</span> <span class='ocrx_word' id='word_1_259' title='bbox 340 3674 386 3742; x_wconf 92' lang='lat' dir='ltr'>sit,</span> <span class='ocrx_word' id='word_1_260' title='bbox 401 3674 497 3732; x_wconf 88' lang='lat' dir='ltr'>licebit</span> <span class='ocrx_word' id='word_1_261' title='bbox 510 3672 649 3749; x_wconf 87' lang='lat' dir='ltr'>peccandi</span> <span class='ocrx_word' id='word_1_262' title='bbox 662 3675 831 3750; x_wconf 90' lang='lat' dir='ltr'>periculum,</span> <span class='ocrx_word' id='word_1_263' title='bbox 846 3674 972 3734; x_wconf 90' lang='lat' dir='ltr'>adhibita</span> <span class='ocrx_word' id='word_1_264' title='bbox 993 3678 1112 3746; x_wconf 90' lang='lat' dir='ltr'>cautela,</span> <span class='ocrx_word' id='word_1_265' title='bbox 1127 3676 1235 3746; x_wconf 90' lang='lat' dir='ltr'>tollere,</span> <span class='ocrx_word' id='word_1_266' title='bbox 1251 3677 1321 3750; x_wconf 91' lang='lat' dir='ltr'>quin</span> 
     </span>
     <span class='ocr_line' id='line_1_33' title="bbox 232 3772 1322 3854; baseline 0.007 -28"><span class='ocrx_word' id='word_1_267' title='bbox 232 3772 325 3828; x_wconf 84' lang='lat' dir='ltr'>statim</span> <span class='ocrx_word' id='word_1_268' title='bbox 335 3791 439 3831; x_wconf 89' lang='lat' dir='ltr'>munus</span> <span class='ocrx_word' id='word_1_269' title='bbox 448 3773 603 3830; x_wconf 83' lang='lat' dir='ltr'>deseratur.</span> <span class='ocrx_word' id='word_1_270' title='bbox 626 3773 674 3831; x_wconf 84' lang='lat' dir='ltr'>Sic</span> <span class='ocrx_word' id='word_1_271' title='bbox 685 3773 813 3832; x_wconf 85' lang='lat' dir='ltr'>medicus</span> <span class='ocrx_word' id='word_1_272' title='bbox 827 3773 909 3832; x_wconf 89' lang='lat' dir='ltr'>debet</span> <span class='ocrx_word' id='word_1_273' title='bbox 922 3777 1033 3852; x_wconf 88' lang='lat' dir='ltr'>pietatis</span> <span class='ocrx_word' id='word_1_274' title='bbox 1044 3776 1184 3854; x_wconf 88' lang='lat' dir='ltr'>praesidiis</span> <span class='ocrx_word' id='word_1_275' title='bbox 1193 3787 1322 3853; x_wconf 90' lang='lat' dir='ltr'>paratum</span> 
     </span>
     <span class='ocr_line' id='line_1_34' title="bbox 234 3869 1323 3947; baseline 0.006 -22"><span class='ocrx_word' id='word_1_276' title='bbox 234 3886 265 3926; x_wconf 85' lang='lat' dir='ltr'>se</span> <span class='ocrx_word' id='word_1_277' title='bbox 276 3869 399 3938; x_wconf 87' lang='lat' dir='ltr'>efficere,</span> <span class='ocrx_word' id='word_1_278' title='bbox 408 3880 439 3928; x_wconf 90' lang='lat' dir='ltr'>nt</span> <span class='ocrx_word' id='word_1_279' title='bbox 451 3891 533 3930; x_wconf 90' lang='lat' dir='ltr'>suam</span> <span class='ocrx_word' id='word_1_280' title='bbox 543 3883 674 3930; x_wconf 86' lang='lat' dir='ltr'>exerceat</span> <span class='ocrx_word' id='word_1_281' title='bbox 686 3883 784 3942; x_wconf 92' lang='lat' dir='ltr'>artem,</span> <span class='ocrx_word' id='word_1_282' title='bbox 794 3893 878 3947; x_wconf 92' lang='lat' dir='ltr'>quam</span> <span class='ocrx_word' id='word_1_283' title='bbox 890 3894 948 3934; x_wconf 93' lang='lat' dir='ltr'>non</span> <span class='ocrx_word' id='word_1_284' title='bbox 958 3877 1052 3933; x_wconf 90' lang='lat' dir='ltr'>statim</span> <span class='ocrx_word' id='word_1_285' title='bbox 1063 3877 1192 3934; x_wconf 77' lang='lat' dir='ltr'>deserere</span> <span class='ocrx_word' id='word_1_286' title='bbox 1203 3883 1323 3941; x_wconf 89' lang='lat' dir='ltr'>tenetur,</span> 
     </span>
     <span class='ocr_line' id='line_1_35' title="bbox 235 3966 1323 4050; baseline 0.004 -25"><span class='ocrx_word' id='word_1_287' title='bbox 235 3966 302 4025; x_wconf 90' lang='lat' dir='ltr'>lieet</span> <span class='ocrx_word' id='word_1_288' title='bbox 315 3969 403 4026; x_wconf 89' lang='lat' dir='ltr'>semel</span> <span class='ocrx_word' id='word_1_289' title='bbox 417 3970 463 4027; x_wconf 90' lang='lat' dir='ltr'>vel</span> <span class='ocrx_word' id='word_1_290' title='bbox 475 3970 519 4028; x_wconf 90' lang='lat' dir='ltr'>bis</span> <span class='ocrx_word' id='word_1_291' title='bbox 533 3971 562 4028; x_wconf 91' lang='lat' dir='ltr'>in</span> <span class='ocrx_word' id='word_1_292' title='bbox 575 3990 608 4028; x_wconf 90' lang='lat' dir='ltr'>ea</span> <span class='ocrx_word' id='word_1_293' title='bbox 628 3973 802 4048; x_wconf 87' lang='lat' dir='ltr'>peccaverit:</span> <span class='ocrx_word' id='word_1_294' title='bbox 825 3974 902 4046; x_wconf 93' lang='lat' dir='ltr'>quod</span> <span class='ocrx_word' id='word_1_295' title='bbox 922 3975 947 4032; x_wconf 93' lang='lat' dir='ltr'>si</span> <span class='ocrx_word' id='word_1_296' title='bbox 967 3976 1072 4050; x_wconf 86' lang='lat' dir='ltr'>saepius</span> <span class='ocrx_word' id='word_1_297' title='bbox 1087 3975 1236 4039; x_wconf 88' lang='lat' dir='ltr'>relabatur,</span> <span class='ocrx_word' id='word_1_298' title='bbox 1251 3972 1323 4030; x_wconf 90' lang='lat' dir='ltr'>adeo</span> 
     </span>
     <span class='ocr_line' id='line_1_36' title="bbox 235 4067 1322 4144; baseline 0.004 -20"><span class='ocrx_word' id='word_1_299' title='bbox 235 4074 266 4124; x_wconf 94' lang='lat' dir='ltr'>ut</span> <span class='ocrx_word' id='word_1_300' title='bbox 278 4085 329 4144; x_wconf 89' lang='lat' dir='ltr'>spe</span> <span class='ocrx_word' id='word_1_301' title='bbox 340 4067 422 4125; x_wconf 89' lang='lat' dir='ltr'>cadat</span> <span class='ocrx_word' id='word_1_302' title='bbox 435 4068 651 4140; x_wconf 87' lang='lat' dir='ltr'>emendationis,</span> <span class='ocrx_word' id='word_1_303' title='bbox 666 4071 750 4130; x_wconf 91' lang='lat' dir='ltr'>debet</span> <span class='ocrx_word' id='word_1_304' title='bbox 762 4071 791 4130; x_wconf 93' lang='lat' dir='ltr'>id</span> <span class='ocrx_word' id='word_1_305' title='bbox 804 4073 905 4131; x_wconf 90' lang='lat' dir='ltr'>saltem</span> <span class='ocrx_word' id='word_1_306' title='bbox 919 4075 985 4131; x_wconf 88' lang='lat' dir='ltr'>artis</span> <span class='ocrx_word' id='word_1_307' title='bbox 998 4073 1164 4131; x_wconf 85' lang='lat' dir='ltr'>exercitium</span> <span class='ocrx_word' id='word_1_308' title='bbox 1180 4071 1322 4137; x_wconf 89' lang='lat' dir='ltr'>deserere,</span> 
     </span>
     <span class='ocr_line' id='line_1_37' title="bbox 234 4165 1324 4248; baseline 0.005 -24"><span class='ocrx_word' id='word_1_309' title='bbox 234 4165 311 4240; x_wconf 92' lang='lat' dir='ltr'>quod</span> <span class='ocrx_word' id='word_1_310' title='bbox 332 4167 487 4244; x_wconf 89' lang='lat' dir='ltr'>perniciem</span> <span class='ocrx_word' id='word_1_311' title='bbox 514 4169 615 4228; x_wconf 78' lang='grc'><strong>11111111</strong></span> <span class='ocrx_word' id='word_1_312' title='bbox 641 4172 792 4230; x_wconf 88' lang='lat' dir='ltr'>consuevit</span> <span class='ocrx_word' id='word_1_313' title='bbox 817 4171 935 4230; x_wconf 88' lang='lat' dir='ltr'>afferre:</span> <span class='ocrx_word' id='word_1_314' title='bbox 957 4191 991 4230; x_wconf 89' lang='lat' dir='ltr'>v:</span> <span class='ocrx_word' id='word_1_315' title='bbox 1006 4191 1042 4248; x_wconf 83' lang='lat' dir='ltr'>g:</span> <span class='ocrx_word' id='word_1_316' title='bbox 1064 4170 1220 4246; x_wconf 90' lang='lat' dir='ltr'>puellarum</span> <span class='ocrx_word' id='word_1_317' title='bbox 1244 4189 1324 4229; x_wconf 89' lang='lat' dir='ltr'>cura·</span> 
     </span>
     <span class='ocr_line' id='line_1_38' title="bbox 235 4262 1326 4347; baseline 0.004 -24"><span class='ocrx_word' id='word_1_318' title='bbox 235 4266 351 4324; x_wconf 88' lang='lat' dir='ltr'>tionem.</span> <span class='ocrx_word' id='word_1_319' title='bbox 394 4266 474 4327; x_wconf 90' lang='lat' dir='ltr'>Hinc</span> <span class='ocrx_word' id='word_1_320' title='bbox 487 4266 556 4327; x_wconf 85' lang='lat' dir='ltr'>dicit</span> <span class='ocrx_word' id='word_1_321' title='bbox 570 4270 620 4347; x_wconf 90' lang='lat' dir='ltr'>jus</span> <span class='ocrx_word' id='word_1_322' title='bbox 641 4271 830 4330; x_wconf 87' lang='lat' dir='ltr'>canonicum:</span> <span class='ocrx_word' id='word_1_323' title='bbox 852 4269 967 4328; x_wconf 85' lang='lat' dir='ltr'>“Falsa</span> <span class='ocrx_word' id='word_1_324' title='bbox 986 4271 1070 4328; x_wconf 89' lang='lat' dir='ltr'>etiam</span> <span class='ocrx_word' id='word_1_325' title='bbox 1094 4269 1126 4326; x_wconf 93' lang='lat' dir='ltr'>fit</span> <span class='ocrx_word' id='word_1_326' title='bbox 1148 4262 1326 4345; x_wconf 74' lang='lat' dir='ltr'>poenitentia,</span> 
     </span>
    </p>
   </div>
   <div class='ocr_carea' id='block_1_3' title="bbox 275 4421 1291 4580">
    <p class='ocr_par' dir='ltr' id='par_1_6' title="bbox 275 4421 1291 4580">
     <span class='ocr_line' id='line_1_39' title="bbox 275 4421 1291 4492; baseline 0.004 -20"><span class='ocrx_word' id='word_1_327' title='bbox 275 4425 317 4492; x_wconf 88' lang='lat'>(1)</span> <span class='ocrx_word' id='word_1_328' title='bbox 337 4421 368 4473; x_wconf 88' lang='lat' dir='ltr'>L.</span> <span class='ocrx_word' id='word_1_329' title='bbox 378 4423 410 4474; x_wconf 80' lang='lat' dir='ltr'>ri.</span> <span class='ocrx_word' id='word_1_330' title='bbox 422 4440 448 4474; x_wconf 92' lang='grc'>11.</span> <span class='ocrx_word' id='word_1_331' title='bbox 459 4425 518 4475; x_wconf 79' lang='lat' dir='ltr'>tot.</span> <span class='ocrx_word' id='word_1_332' title='bbox 706 4428 748 4492; x_wconf 82' lang='lat'>(2)</span> <span class='ocrx_word' id='word_1_333' title='bbox 768 4425 840 4489; x_wconf 88' lang='lat' dir='ltr'>Prop.</span> <span class='ocrx_word' id='word_1_334' title='bbox 851 4425 893 4474; x_wconf 85' lang='lat' dir='ltr'>lxi.</span> <span class='ocrx_word' id='word_1_335' title='bbox 905 4425 967 4475; x_wconf 89' lang='lat' dir='ltr'>inter</span> <span class='ocrx_word' id='word_1_336' title='bbox 977 4425 1102 4475; x_wconf 86' lang='lat' dir='ltr'>damnatas</span> <span class='ocrx_word' id='word_1_337' title='bbox 1112 4426 1140 4474; x_wconf 90' lang='lat' dir='ltr'>ab</span> <span class='ocrx_word' id='word_1_338' title='bbox 1151 4425 1235 4478; x_wconf 87' lang='lat' dir='ltr'>Innoe.</span> <span class='ocrx_word' id='word_1_339' title='bbox 1246 4427 1291 4477; x_wconf 91' lang='lat' dir='ltr'>XI.</span> 
     </span>
     <span class='ocr_line' id='line_1_40' title="bbox 701 4509 899 4580; baseline 0 -20"><span class='ocrx_word' id='word_1_340' title='bbox 701 4515 743 4580; x_wconf 80' lang='lat'>(3)</span> <span class='ocrx_word' id='word_1_341' title='bbox 763 4511 828 4576; x_wconf 90' lang='lat' dir='ltr'>Prop</span> <span class='ocrx_word' id='word_1_342' title='bbox 839 4509 899 4562; x_wconf 82' lang='lat' dir='ltr'>lxiii.</span> 
     </span>
    </p>
   </div>
   <div class='ocr_carea' id='block_1_4' title="bbox 0 0 1595 5192">
    <p class='ocr_par' dir='ltr' id='par_1_7' title="bbox 0 0 1595 5192">
     <span class='ocr_line' id='line_1_41' title="bbox 0 0 1595 5192; baseline 0 0"><span class='ocrx_word' id='word_1_343' title='bbox 0 0 1595 5192; x_wconf 95' lang='lat' dir='ltr'> </span> 
     </span>
    </p>
   </div>
  </div>
 </body>
</html>
