<?xml version="1.0" encoding="UTF-8"?>
<!DOCTYPE html PUBLIC "-//W3C//DTD XHTML 1.0 Transitional//EN"
    "http://www.w3.org/TR/xhtml1/DTD/xhtml1-transitional.dtd">
<html xmlns="http://www.w3.org/1999/xhtml" xml:lang="en" lang="en">
 <head>
  <title>
</title>
<meta http-equiv="Content-Type" content="text/html;charset=utf-8" />
  <meta name='ocr-system' content='tesseract 3.04.00' />
  <meta name='ocr-capabilities' content='ocr_page ocr_carea ocr_par ocr_line ocrx_word'/>
</head>
<body>
  <div class='ocr_page' id='page_1' title='image "./theologiaemoral02kenrgoog_0248.png"; bbox 0 0 3144 5192; ppageno 0'>
   <div class='ocr_carea' id='block_1_1' title="bbox 480 533 1310 597">
    <p class='ocr_par' dir='ltr' id='par_1_1' title="bbox 480 533 1310 597">
     <span class='ocr_line' id='line_1_1' title="bbox 480 533 1310 597; baseline 0.001 -2"><span class='ocrx_word' id='word_1_1' title='bbox 480 536 537 596; x_wconf 87' lang='lat' dir='ltr'><strong>DE</strong></span> <span class='ocrx_word' id='word_1_2' title='bbox 558 534 742 597; x_wconf 86' lang='lat' dir='ltr'>MUNERE</span> <span class='ocrx_word' id='word_1_3' title='bbox 766 533 1054 594; x_wconf 81' lang='lat' dir='ltr'><strong>CONFESSARII.</strong></span> <span class='ocrx_word' id='word_1_4' title='bbox 1254 543 1310 596; x_wconf 84' lang='grc'><strong>231</strong></span> 
     </span>
    </p>
   </div>
   <div class='ocr_carea' id='block_1_2' title="bbox 222 699 1315 3836">
    <p class='ocr_par' dir='ltr' id='par_1_2' title="bbox 222 699 1315 2160">
     <span class='ocr_line' id='line_1_2' title="bbox 226 699 1312 780; baseline 0.002 -20"><span class='ocrx_word' id='word_1_5' title='bbox 226 721 279 762; x_wconf 90' lang='lat' dir='ltr'><strong>sua</strong></span> <span class='ocrx_word' id='word_1_6' title='bbox 291 703 386 780; x_wconf 86' lang='lat' dir='ltr'><strong>gravia</strong></span> <span class='ocrx_word' id='word_1_7' title='bbox 399 699 562 780; x_wconf 86' lang='lat' dir='ltr'><strong>peccata.”¹</strong></span> <span class='ocrx_word' id='word_1_8' title='bbox 603 700 688 770; x_wconf 86' lang='lat' dir='ltr'><strong>Quod</strong></span> <span class='ocrx_word' id='word_1_9' title='bbox 706 710 799 761; x_wconf 89' lang='lat' dir='ltr'><strong>autem</strong></span> <span class='ocrx_word' id='word_1_10' title='bbox 813 703 954 777; x_wconf 88' lang='lat' dir='ltr'><strong>poenitens</strong></span> <span class='ocrx_word' id='word_1_11' title='bbox 968 703 1039 761; x_wconf 89' lang='lat' dir='ltr'><strong>nolit</strong></span> <span class='ocrx_word' id='word_1_12' title='bbox 1052 708 1124 758; x_wconf 88' lang='lat' dir='ltr'><strong>stare</strong></span> <span class='ocrx_word' id='word_1_13' title='bbox 1145 701 1312 762; x_wconf 85' lang='lat' dir='ltr'><strong>confessarii</strong></span> 
     </span>
     <span class='ocr_line' id='line_1_3' title="bbox 222 799 1313 879; baseline -0.001 -19"><span class='ocrx_word' id='word_1_14' title='bbox 222 802 333 879; x_wconf 87' lang='lat' dir='ltr'><strong>judicio</strong></span> <span class='ocrx_word' id='word_1_15' title='bbox 355 803 385 859; x_wconf 94' lang='lat' dir='ltr'><strong>in</strong></span> <span class='ocrx_word' id='word_1_16' title='bbox 405 819 437 858; x_wconf 91' lang='lat' dir='ltr'><strong>re</strong></span> <span class='ocrx_word' id='word_1_17' title='bbox 451 802 522 860; x_wconf 88' lang='lat' dir='ltr'><strong>inter</strong></span> <span class='ocrx_word' id='word_1_18' title='bbox 542 801 692 878; x_wconf 88' lang='lat' dir='ltr'><strong>theologos</strong></span> <span class='ocrx_word' id='word_1_19' title='bbox 715 809 906 868; x_wconf 87' lang='lat' dir='ltr'><strong>controversa,</strong></span> <span class='ocrx_word' id='word_1_20' title='bbox 926 819 985 858; x_wconf 92' lang='lat' dir='ltr'><strong>nou</strong></span> <span class='ocrx_word' id='word_1_21' title='bbox 998 800 1178 877; x_wconf 87' lang='lat' dir='ltr'><strong>probateum</strong></span> <span class='ocrx_word' id='word_1_22' title='bbox 1192 799 1313 875; x_wconf 82' lang='lat' dir='ltr'><strong>disposi·</strong></span> 
     </span>
     <span class='ocr_line' id='line_1_4' title="bbox 227 897 1312 977; baseline 0.001 -20"><span class='ocrx_word' id='word_1_23' title='bbox 227 903 303 959; x_wconf 91' lang='lat' dir='ltr'><strong>tione</strong></span> <span class='ocrx_word' id='word_1_24' title='bbox 316 901 476 959; x_wconf 87' lang='lat' dir='ltr'><strong>necessaria</strong></span> <span class='ocrx_word' id='word_1_25' title='bbox 497 919 602 968; x_wconf 85' lang='lat' dir='ltr'><strong>carere,</strong></span> <span class='ocrx_word' id='word_1_26' title='bbox 624 917 713 973; x_wconf 90' lang='lat' dir='ltr'><strong>quum</strong></span> <span class='ocrx_word' id='word_1_27' title='bbox 727 897 859 956; x_wconf 77' lang='lat' dir='ltr'><strong>sacerdos</strong></span> <span class='ocrx_word' id='word_1_28' title='bbox 880 917 938 956; x_wconf 88' lang='lat' dir='ltr'><strong>non</strong></span> <span class='ocrx_word' id='word_1_29' title='bbox 960 900 997 957; x_wconf 90' lang='lat' dir='ltr'><strong>sit</strong></span> <span class='ocrx_word' id='word_1_30' title='bbox 1011 899 1103 977; x_wconf 86' lang='lat' dir='ltr'><strong>judex</strong></span> <span class='ocrx_word' id='word_1_31' title='bbox 1124 903 1312 958; x_wconf 86' lang='lat' dir='ltr'><strong>controversi·</strong></span> 
     </span>
     <span class='ocr_line' id='line_1_5' title="bbox 227 998 1313 1078; baseline 0.005 -23"><span class='ocrx_word' id='word_1_32' title='bbox 227 1018 315 1058; x_wconf 90' lang='lat' dir='ltr'><strong>arum.</strong></span> <span class='ocrx_word' id='word_1_33' title='bbox 358 999 391 1056; x_wconf 86' lang='lat' dir='ltr'><strong>Si</strong></span> <span class='ocrx_word' id='word_1_34' title='bbox 410 999 543 1057; x_wconf 79' lang='lat' dir='ltr'>sacerdos</span> <span class='ocrx_word' id='word_1_35' title='bbox 566 999 602 1056; x_wconf 88' lang='lat' dir='ltr'><strong>de</strong></span> <span class='ocrx_word' id='word_1_36' title='bbox 621 999 777 1058; x_wconf 87' lang='lat' dir='ltr'><strong>rationibus</strong></span> <span class='ocrx_word' id='word_1_37' title='bbox 798 999 930 1070; x_wconf 90' lang='lat' dir='ltr'><strong>utrinque</strong></span> <span class='ocrx_word' id='word_1_38' title='bbox 951 999 1114 1065; x_wconf 89' lang='lat' dir='ltr'><strong>instructus,</strong></span> <span class='ocrx_word' id='word_1_39' title='bbox 1137 998 1212 1074; x_wconf 88' lang='lat' dir='ltr'><strong>apud</strong></span> <span class='ocrx_word' id='word_1_40' title='bbox 1226 999 1313 1078; x_wconf 77' lang='lat' dir='ltr'><strong>alium</strong></span> 
     </span>
     <span class='ocr_line' id='line_1_6' title="bbox 226 1097 1315 1172; baseline 0.001 -17"><span class='ocrx_word' id='word_1_41' title='bbox 226 1097 402 1156; x_wconf 83' lang='lat' dir='ltr'><strong>sacerdotem</strong></span> <span class='ocrx_word' id='word_1_42' title='bbox 415 1099 591 1165; x_wconf 85' lang='lat' dir='ltr'><strong>confiteatur,</strong></span> <span class='ocrx_word' id='word_1_43' title='bbox 617 1097 798 1156; x_wconf 81' lang='lat' dir='ltr'><strong>manifestum</strong></span> <span class='ocrx_word' id='word_1_44' title='bbox 812 1107 856 1153; x_wconf 87' lang='lat' dir='ltr'><strong>est</strong></span> <span class='ocrx_word' id='word_1_45' title='bbox 868 1116 934 1155; x_wconf 92' lang='lat' dir='ltr'><strong>eum</strong></span> <span class='ocrx_word' id='word_1_46' title='bbox 943 1115 1002 1156; x_wconf 87' lang='lat' dir='ltr'><strong>non</strong></span> <span class='ocrx_word' id='word_1_47' title='bbox 1013 1098 1101 1154; x_wconf 88' lang='lat' dir='ltr'><strong>teneri</strong></span> <span class='ocrx_word' id='word_1_48' title='bbox 1115 1097 1315 1172; x_wconf 78' lang='lat' dir='ltr'><strong>theologorum</strong></span> 
     </span>
     <span class='ocr_line' id='line_1_7' title="bbox 225 1195 1315 1273; baseline 0.002 -21"><span class='ocrx_word' id='word_1_49' title='bbox 225 1214 296 1268; x_wconf 88' lang='lat' dir='ltr'><strong>quos</strong></span> <span class='ocrx_word' id='word_1_50' title='bbox 310 1197 437 1270; x_wconf 90' lang='lat' dir='ltr'><strong>sequitur</strong></span> <span class='ocrx_word' id='word_1_51' title='bbox 460 1197 617 1254; x_wconf 79' lang='lat' dir='ltr'><strong>auctoritati</strong></span> <span class='ocrx_word' id='word_1_52' title='bbox 636 1207 664 1253; x_wconf 91' lang='lat' dir='ltr'><strong>et</strong></span> <span class='ocrx_word' id='word_1_53' title='bbox 685 1197 859 1272; x_wconf 80' lang='lat' dir='ltr'><strong>argumentis</strong></span> <span class='ocrx_word' id='word_1_54' title='bbox 879 1196 964 1254; x_wconf 90' lang='lat' dir='ltr'><strong>unius</strong></span> <span class='ocrx_word' id='word_1_55' title='bbox 985 1196 1150 1254; x_wconf 79' lang='lat' dir='ltr'><strong>confessarii</strong></span> <span class='ocrx_word' id='word_1_56' title='bbox 1168 1195 1315 1273; x_wconf 82' lang='lat' dir='ltr'><strong>judicium</strong></span> 
     </span>
     <span class='ocr_line' id='line_1_8' title="bbox 225 1293 1312 1371; baseline -0.001 -19"><span class='ocrx_word' id='word_1_57' title='bbox 225 1295 379 1353; x_wconf 81' lang='lat' dir='ltr'><strong>anteferre:</strong></span> <span class='ocrx_word' id='word_1_58' title='bbox 401 1296 490 1354; x_wconf 89' lang='lat' dir='ltr'><strong>laicus</strong></span> <span class='ocrx_word' id='word_1_59' title='bbox 504 1294 571 1352; x_wconf 85' lang='lat' dir='ltr'><strong>verb</strong></span> <span class='ocrx_word' id='word_1_60' title='bbox 592 1313 714 1353; x_wconf 85' lang='lat' dir='ltr'><strong>noscens</strong></span> <span class='ocrx_word' id='word_1_61' title='bbox 734 1293 931 1371; x_wconf 85' lang='lat' dir='ltr'><strong>theologorum</strong></span> <span class='ocrx_word' id='word_1_62' title='bbox 954 1295 1044 1352; x_wconf 88' lang='lat' dir='ltr'><strong>varias</strong></span> <span class='ocrx_word' id='word_1_63' title='bbox 1065 1311 1128 1351; x_wconf 87' lang='lat' dir='ltr'><strong>esse</strong></span> <span class='ocrx_word' id='word_1_64' title='bbox 1149 1296 1312 1361; x_wconf 84' lang='lat' dir='ltr'><strong>sententias,</strong></span> 
     </span>
     <span class='ocr_line' id='line_1_9' title="bbox 224 1392 1313 1469; baseline 0.001 -19"><span class='ocrx_word' id='word_1_65' title='bbox 224 1395 270 1451; x_wconf 86' lang='lat' dir='ltr'><strong>cui</strong></span> <span class='ocrx_word' id='word_1_66' title='bbox 284 1395 355 1452; x_wconf 89' lang='lat' dir='ltr'><strong>ratio</strong></span> <span class='ocrx_word' id='word_1_67' title='bbox 368 1392 479 1451; x_wconf 89' lang='lat' dir='ltr'><strong>videtur</strong></span> <span class='ocrx_word' id='word_1_68' title='bbox 501 1394 596 1452; x_wconf 88' lang='lat' dir='ltr'><strong>favere</strong></span> <span class='ocrx_word' id='word_1_69' title='bbox 617 1394 721 1469; x_wconf 89' lang='lat' dir='ltr'><strong>poterit</strong></span> <span class='ocrx_word' id='word_1_70' title='bbox 742 1393 864 1467; x_wconf 87' lang='lat' dir='ltr'><strong>eligere;</strong></span> <span class='ocrx_word' id='word_1_71' title='bbox 886 1393 932 1450; x_wconf 90' lang='lat' dir='ltr'><strong>vel</strong></span> <span class='ocrx_word' id='word_1_72' title='bbox 951 1411 1010 1450; x_wconf 86' lang='lat' dir='ltr'><strong>suae</strong></span> <span class='ocrx_word' id='word_1_73' title='bbox 1023 1393 1117 1451; x_wconf 79' lang='lat' dir='ltr'><strong>lavere</strong></span> <span class='ocrx_word' id='word_1_74' title='bbox 1131 1392 1261 1459; x_wconf 85' lang='lat' dir='ltr'><strong>libertati,</strong></span> <span class='ocrx_word' id='word_1_75' title='bbox 1277 1411 1313 1451; x_wconf 91' lang='lat' dir='ltr'><strong>eo</strong></span> 
     </span>
     <span class='ocr_line' id='line_1_10' title="bbox 224 1490 1312 1568; baseline 0.001 -20"><span class='ocrx_word' id='word_1_76' title='bbox 224 1492 302 1564; x_wconf 90' lang='lat' dir='ltr'><strong>quod</strong></span> <span class='ocrx_word' id='word_1_77' title='bbox 316 1491 351 1550; x_wconf 91' lang='lat' dir='ltr'><strong>de</strong></span> <span class='ocrx_word' id='word_1_78' title='bbox 364 1492 428 1567; x_wconf 87' lang='lat' dir='ltr'><strong>lege</strong></span> <span class='ocrx_word' id='word_1_79' title='bbox 442 1501 470 1548; x_wconf 91' lang='lat' dir='ltr'><strong>et</strong></span> <span class='ocrx_word' id='word_1_80' title='bbox 484 1493 569 1550; x_wconf 89' lang='lat' dir='ltr'><strong>vetito</strong></span> <span class='ocrx_word' id='word_1_81' title='bbox 586 1510 643 1550; x_wconf 92' lang='lat' dir='ltr'><strong>non</strong></span> <span class='ocrx_word' id='word_1_82' title='bbox 656 1492 725 1548; x_wconf 90' lang='lat' dir='ltr'><strong>satis</strong></span> <span class='ocrx_word' id='word_1_83' title='bbox 738 1501 860 1558; x_wconf 88' lang='lat' dir='ltr'><strong>constet,</strong></span> <span class='ocrx_word' id='word_1_84' title='bbox 874 1510 963 1562; x_wconf 89' lang='lat' dir='ltr'><strong>quum</strong></span> <span class='ocrx_word' id='word_1_85' title='bbox 982 1490 1051 1549; x_wconf 91' lang='lat' dir='ltr'><strong>illud</strong></span> <span class='ocrx_word' id='word_1_86' title='bbox 1064 1499 1169 1568; x_wconf 87' lang='lat' dir='ltr'><strong>negent</strong></span> <span class='ocrx_word' id='word_1_87' title='bbox 1180 1491 1312 1550; x_wconf 86' lang='lat' dir='ltr'><strong>hominos</strong></span> 
     </span>
     <span class='ocr_line' id='line_1_11' title="bbox 225 1589 1311 1667; baseline 0.002 -21"><span class='ocrx_word' id='word_1_88' title='bbox 225 1589 352 1647; x_wconf 88' lang='lat' dir='ltr'><strong>doctrina</strong></span> <span class='ocrx_word' id='word_1_89' title='bbox 365 1599 393 1647; x_wconf 90' lang='lat' dir='ltr'><strong>et</strong></span> <span class='ocrx_word' id='word_1_90' title='bbox 406 1591 509 1666; x_wconf 91' lang='lat' dir='ltr'><strong>pietate</strong></span> <span class='ocrx_word' id='word_1_91' title='bbox 524 1591 662 1666; x_wconf 83' lang='lat' dir='ltr'><strong>insignes.</strong></span> <span class='ocrx_word' id='word_1_92' title='bbox 705 1591 738 1646; x_wconf 85' lang='lat' dir='ltr'><strong>Si</strong></span> <span class='ocrx_word' id='word_1_93' title='bbox 751 1591 915 1664; x_wconf 84' lang='lat' dir='ltr'><strong>paenitentis</strong></span> <span class='ocrx_word' id='word_1_94' title='bbox 929 1591 1069 1648; x_wconf 87' lang='lat' dir='ltr'><strong>sententia</strong></span> <span class='ocrx_word' id='word_1_95' title='bbox 1081 1591 1165 1667; x_wconf 89' lang='lat' dir='ltr'><strong>plane</strong></span> <span class='ocrx_word' id='word_1_96' title='bbox 1179 1591 1216 1647; x_wconf 90' lang='lat' dir='ltr'><strong>sit</strong></span> <span class='ocrx_word' id='word_1_97' title='bbox 1228 1589 1311 1658; x_wconf 78' lang='lat' dir='ltr'><strong>salsa,</strong></span> 
     </span>
     <span class='ocr_line' id='line_1_12' title="bbox 225 1685 1313 1765; baseline 0.004 -21"><span class='ocrx_word' id='word_1_98' title='bbox 225 1687 416 1746; x_wconf 84' lang='lat' dir='ltr'><strong>confessarius</strong></span> <span class='ocrx_word' id='word_1_99' title='bbox 439 1708 497 1748; x_wconf 90' lang='lat' dir='ltr'><strong>non</strong></span> <span class='ocrx_word' id='word_1_100' title='bbox 516 1690 601 1748; x_wconf 89' lang='lat' dir='ltr'><strong>debet</strong></span> <span class='ocrx_word' id='word_1_101' title='bbox 614 1688 774 1765; x_wconf 85' lang='lat' dir='ltr'><strong>permittere</strong></span> <span class='ocrx_word' id='word_1_102' title='bbox 788 1698 819 1746; x_wconf 93' lang='lat' dir='ltr'><strong>ut</strong></span> <span class='ocrx_word' id='word_1_103' title='bbox 832 1707 894 1746; x_wconf 90' lang='lat' dir='ltr'><strong>eam</strong></span> <span class='ocrx_word' id='word_1_104' title='bbox 904 1685 906 1690; x_wconf 75' lang='grc'><strong>’</strong></span> <span class='ocrx_word' id='word_1_105' title='bbox 916 1697 1059 1762; x_wconf 87' lang='lat' dir='ltr'><strong>sequatur,</strong></span> <span class='ocrx_word' id='word_1_106' title='bbox 1073 1707 1127 1748; x_wconf 89' lang='lat' dir='ltr'><strong>nec</strong></span> <span class='ocrx_word' id='word_1_107' title='bbox 1141 1707 1206 1747; x_wconf 90' lang='lat' dir='ltr'><strong>enm</strong></span> <span class='ocrx_word' id='word_1_108' title='bbox 1221 1689 1313 1748; x_wconf 86' lang='lat' dir='ltr'><strong>absol·</strong></span> 
     </span>
     <span class='ocr_line' id='line_1_13' title="bbox 225 1787 1312 1864; baseline 0.003 -23"><span class='ocrx_word' id='word_1_109' title='bbox 225 1804 291 1844; x_wconf 90' lang='lat' dir='ltr'><strong>vere</strong></span> <span class='ocrx_word' id='word_1_110' title='bbox 304 1788 329 1844; x_wconf 90' lang='lat' dir='ltr'><strong>si</strong></span> <span class='ocrx_word' id='word_1_111' title='bbox 343 1788 524 1862; x_wconf 86' lang='lat' dir='ltr'><strong>pertinaciter</strong></span> <span class='ocrx_word' id='word_1_112' title='bbox 545 1788 612 1844; x_wconf 89' lang='lat' dir='ltr'><strong>velit</strong></span> <span class='ocrx_word' id='word_1_113' title='bbox 633 1805 697 1845; x_wconf 90' lang='lat' dir='ltr'><strong>eam</strong></span> <span class='ocrx_word' id='word_1_114' title='bbox 719 1787 817 1860; x_wconf 90' lang='lat' dir='ltr'><strong>sequi:</strong></span> <span class='ocrx_word' id='word_1_115' title='bbox 839 1788 905 1859; x_wconf 90' lang='lat' dir='ltr'><strong>quia</strong></span> <span class='ocrx_word' id='word_1_116' title='bbox 925 1799 991 1846; x_wconf 91' lang='lat' dir='ltr'><strong>tunc</strong></span> <span class='ocrx_word' id='word_1_117' title='bbox 1014 1807 1072 1846; x_wconf 90' lang='lat' dir='ltr'><strong>non</strong></span> <span class='ocrx_word' id='word_1_118' title='bbox 1086 1798 1130 1846; x_wconf 89' lang='lat' dir='ltr'><strong>est</strong></span> <span class='ocrx_word' id='word_1_119' title='bbox 1143 1807 1208 1847; x_wconf 89' lang='lat' dir='ltr'><strong>vere</strong></span> <span class='ocrx_word' id='word_1_120' title='bbox 1223 1789 1312 1864; x_wconf 78' lang='lat' dir='ltr'><strong>poeni·</strong></span> 
     </span>
     <span class='ocr_line' id='line_1_14' title="bbox 225 1885 1311 1961; baseline 0 -19"><span class='ocrx_word' id='word_1_121' title='bbox 225 1893 297 1942; x_wconf 83' lang='lat' dir='ltr'><strong>tens.</strong></span> <span class='ocrx_word' id='word_1_122' title='bbox 340 1886 410 1943; x_wconf 93' lang='lat' dir='ltr'><strong>Non</strong></span> <span class='ocrx_word' id='word_1_123' title='bbox 424 1885 461 1942; x_wconf 89' lang='lat' dir='ltr'><strong>ita</strong></span> <span class='ocrx_word' id='word_1_124' title='bbox 474 1887 499 1944; x_wconf 88' lang='lat' dir='ltr'><strong>si</strong></span> <span class='ocrx_word' id='word_1_125' title='bbox 513 1886 687 1945; x_wconf 89' lang='lat' dir='ltr'><strong>confessario</strong></span> <span class='ocrx_word' id='word_1_126' title='bbox 701 1887 795 1943; x_wconf 92' lang='lat' dir='ltr'><strong>minus</strong></span> <span class='ocrx_word' id='word_1_127' title='bbox 809 1886 963 1961; x_wconf 91' lang='lat' dir='ltr'><strong>probabilis</strong></span> <span class='ocrx_word' id='word_1_128' title='bbox 978 1887 1116 1955; x_wconf 88' lang='lat' dir='ltr'><strong>videatur,</strong></span> <span class='ocrx_word' id='word_1_129' title='bbox 1131 1905 1218 1959; x_wconf 92' lang='lat' dir='ltr'><strong>quum</strong></span> <span class='ocrx_word' id='word_1_130' title='bbox 1232 1887 1311 1943; x_wconf 90' lang='lat' dir='ltr'><strong>enim</strong></span> 
     </span>
     <span class='ocr_line' id='line_1_15' title="bbox 224 1977 1311 2063; baseline 0.003 -24"><span class='ocrx_word' id='word_1_131' title='bbox 224 1985 300 2042; x_wconf 86' lang='lat' dir='ltr'><strong>varia</strong></span> <span class='ocrx_word' id='word_1_132' title='bbox 313 1985 371 2043; x_wconf 88' lang='lat' dir='ltr'><strong>sint</strong></span> <span class='ocrx_word' id='word_1_133' title='bbox 382 1984 531 2042; x_wconf 90' lang='lat' dir='ltr'><strong>hominum</strong></span> <span class='ocrx_word' id='word_1_134' title='bbox 550 1983 668 2061; x_wconf 86' lang='lat' dir='ltr'><strong>judicia,</strong></span> <span class='ocrx_word' id='word_1_135' title='bbox 682 1983 744 2042; x_wconf 91' lang='lat' dir='ltr'><strong>fieri</strong></span> <span class='ocrx_word' id='word_1_136' title='bbox 757 1987 862 2060; x_wconf 90' lang='lat' dir='ltr'><strong>poterit</strong></span> <span class='ocrx_word' id='word_1_137' title='bbox 874 1995 906 2042; x_wconf 93' lang='lat' dir='ltr'><strong>ut</strong></span> <span class='ocrx_word' id='word_1_138' title='bbox 918 1986 1091 2062; x_wconf 89' lang='lat' dir='ltr'><strong>probabilior</strong></span> <span class='ocrx_word' id='word_1_139' title='bbox 1104 1977 1311 2063; x_wconf 79' lang='lat' dir='ltr'><strong>apparea&#39;t&#39;poe·</strong></span> 
     </span>
     <span class='ocr_line' id='line_1_16' title="bbox 223 2082 567 2160; baseline 0.009 -22"><span class='ocrx_word' id='word_1_140' title='bbox 223 2083 334 2150; x_wconf 88' lang='lat' dir='ltr'><strong>nitenti,</strong></span> <span class='ocrx_word' id='word_1_141' title='bbox 349 2082 393 2140; x_wconf 89' lang='lat' dir='ltr'><strong>vel</strong></span> <span class='ocrx_word' id='word_1_142' title='bbox 405 2102 506 2160; x_wconf 86' lang='lat' dir='ltr'><strong>reapse</strong></span> <span class='ocrx_word' id='word_1_143' title='bbox 520 2084 567 2141; x_wconf 83' lang='lat' dir='ltr'><strong>sit.</strong></span> 
     </span>
    </p>

    <p class='ocr_par' dir='ltr' id='par_1_3' title="bbox 222 2180 1315 3836">
     <span class='ocr_line' id='line_1_17' title="bbox 262 2180 1313 2255; baseline 0.002 -18"><span class='ocrx_word' id='word_1_144' title='bbox 262 2186 332 2240; x_wconf 82' lang='grc'>227.</span> <span class='ocrx_word' id='word_1_145' title='bbox 354 2181 389 2238; x_wconf 91' lang='lat' dir='ltr'><strong>In</strong></span> <span class='ocrx_word' id='word_1_146' title='bbox 402 2183 571 2255; x_wconf 91' lang='lat' dir='ltr'><strong>opinionum</strong></span> <span class='ocrx_word' id='word_1_147' title='bbox 591 2180 700 2238; x_wconf 87' lang='lat' dir='ltr'><strong>delectu</strong></span> <span class='ocrx_word' id='word_1_148' title='bbox 722 2183 870 2241; x_wconf 70' lang='lat' dir='ltr'><strong>sententiae</strong></span> <span class='ocrx_word' id='word_1_149' title='bbox 892 2184 1007 2240; x_wconf 91' lang='lat' dir='ltr'><strong>tutiores</strong></span> <span class='ocrx_word' id='word_1_150' title='bbox 1028 2182 1216 2240; x_wconf 69' lang='lat' dir='ltr'><strong>anteferenda</strong></span> <span class='ocrx_word' id='word_1_151' title='bbox 1237 2190 1313 2248; x_wconf 86' lang='lat' dir='ltr'><strong>sunt,</strong></span> 
     </span>
     <span class='ocr_line' id='line_1_18' title="bbox 225 2279 1314 2355; baseline 0.002 -21"><span class='ocrx_word' id='word_1_152' title='bbox 225 2279 335 2349; x_wconf 89' lang='lat' dir='ltr'><strong>quoties</strong></span> <span class='ocrx_word' id='word_1_153' title='bbox 350 2279 490 2352; x_wconf 76' lang='lat' dir='ltr'><strong>poenitens</strong></span> <span class='ocrx_word' id='word_1_154' title='bbox 504 2286 617 2354; x_wconf 87' lang='lat' dir='ltr'><strong>paratus</strong></span> <span class='ocrx_word' id='word_1_155' title='bbox 637 2286 681 2334; x_wconf 89' lang='lat' dir='ltr'><strong>est</strong></span> <span class='ocrx_word' id='word_1_156' title='bbox 700 2295 749 2334; x_wconf 88' lang='lat' dir='ltr'><strong>eas</strong></span> <span class='ocrx_word' id='word_1_157' title='bbox 772 2282 871 2350; x_wconf 87' lang='lat' dir='ltr'><strong>sequi:</strong></span> <span class='ocrx_word' id='word_1_158' title='bbox 894 2299 958 2338; x_wconf 90' lang='lat' dir='ltr'><strong>nam</strong></span> <span class='ocrx_word' id='word_1_159' title='bbox 973 2281 1007 2337; x_wconf 90' lang='lat' dir='ltr'><strong>ad</strong></span> <span class='ocrx_word' id='word_1_160' title='bbox 1021 2281 1186 2355; x_wconf 86' lang='lat' dir='ltr'><strong>perfectiora</strong></span> <span class='ocrx_word' id='word_1_161' title='bbox 1200 2298 1314 2355; x_wconf 88' lang='lat' dir='ltr'><strong>semper</strong></span> 
     </span>
     <span class='ocr_line' id='line_1_19' title="bbox 225 2374 1315 2454; baseline 0.002 -23"><span class='ocrx_word' id='word_1_162' title='bbox 225 2374 408 2433; x_wconf 90' lang='lat' dir='ltr'><strong>adducendus</strong></span> <span class='ocrx_word' id='word_1_163' title='bbox 421 2385 464 2432; x_wconf 89' lang='lat' dir='ltr'><strong>est</strong></span> <span class='ocrx_word' id='word_1_164' title='bbox 476 2385 504 2433; x_wconf 90' lang='lat' dir='ltr'><strong>et</strong></span> <span class='ocrx_word' id='word_1_165' title='bbox 517 2374 721 2450; x_wconf 88' lang='lat' dir='ltr'><strong>impellendus:</strong></span> <span class='ocrx_word' id='word_1_166' title='bbox 744 2376 795 2432; x_wconf 91' lang='lat' dir='ltr'><strong>sed</strong></span> <span class='ocrx_word' id='word_1_167' title='bbox 815 2386 844 2433; x_wconf 87' lang='lat' dir='ltr'><strong>et</strong></span> <span class='ocrx_word' id='word_1_168' title='bbox 862 2376 1033 2434; x_wconf 88' lang='lat' dir='ltr'><strong>infirmitatis</strong></span> <span class='ocrx_word' id='word_1_169' title='bbox 1053 2379 1116 2454; x_wconf 90' lang='lat' dir='ltr'><strong>ejus</strong></span> <span class='ocrx_word' id='word_1_170' title='bbox 1130 2377 1260 2436; x_wconf 91' lang='lat' dir='ltr'><strong>habenda</strong></span> <span class='ocrx_word' id='word_1_171' title='bbox 1272 2387 1315 2434; x_wconf 89' lang='lat' dir='ltr'><strong>est</strong></span> 
     </span>
     <span class='ocr_line' id='line_1_20' title="bbox 225 2474 1313 2551; baseline 0 -19"><span class='ocrx_word' id='word_1_172' title='bbox 225 2474 305 2543; x_wconf 87' lang='lat' dir='ltr'><strong>ratio,</strong></span> <span class='ocrx_word' id='word_1_173' title='bbox 320 2492 356 2532; x_wconf 92' lang='lat' dir='ltr'><strong>ne</strong></span> <span class='ocrx_word' id='word_1_174' title='bbox 369 2474 478 2550; x_wconf 88' lang='lat' dir='ltr'><strong>majora</strong></span> <span class='ocrx_word' id='word_1_175' title='bbox 497 2475 604 2532; x_wconf 88' lang='lat' dir='ltr'><strong>viribus</strong></span> <span class='ocrx_word' id='word_1_176' title='bbox 624 2491 708 2530; x_wconf 88' lang='lat' dir='ltr'><strong>ausus</strong></span> <span class='ocrx_word' id='word_1_177' title='bbox 729 2475 759 2531; x_wconf 90' lang='lat' dir='ltr'><strong>in</strong></span> <span class='ocrx_word' id='word_1_178' title='bbox 783 2475 867 2551; x_wconf 90' lang='lat' dir='ltr'><strong>pejus</strong></span> <span class='ocrx_word' id='word_1_179' title='bbox 887 2484 959 2532; x_wconf 88' lang='lat' dir='ltr'><strong>ruat.</strong></span> <span class='ocrx_word' id='word_1_180' title='bbox 1002 2475 1054 2532; x_wconf 78' lang='lat' dir='ltr'><strong>Eur</strong></span> <span class='ocrx_word' id='word_1_181' title='bbox 1067 2476 1237 2551; x_wconf 89' lang='lat' dir='ltr'><strong>plerumque</strong></span> <span class='ocrx_word' id='word_1_182' title='bbox 1250 2493 1313 2532; x_wconf 89' lang='lat' dir='ltr'><strong>sen·</strong></span> 
     </span>
     <span class='ocr_line' id='line_1_21' title="bbox 225 2573 1315 2648; baseline 0.005 -20"><span class='ocrx_word' id='word_1_183' title='bbox 225 2574 318 2632; x_wconf 78' lang='lat' dir='ltr'><strong>tentiae</strong></span> <span class='ocrx_word' id='word_1_184' title='bbox 332 2591 395 2646; x_wconf 87' lang='lat' dir='ltr'><strong>quae</strong></span> <span class='ocrx_word' id='word_1_185' title='bbox 410 2574 569 2648; x_wconf 89' lang='lat' dir='ltr'><strong>periculum</strong></span> <span class='ocrx_word' id='word_1_186' title='bbox 584 2573 693 2648; x_wconf 85' lang='lat' dir='ltr'><strong>peceati</strong></span> <span class='ocrx_word' id='word_1_187' title='bbox 705 2573 833 2630; x_wconf 83' lang='lat' dir='ltr'><strong>formalis</strong></span> <span class='ocrx_word' id='word_1_188' title='bbox 852 2582 994 2639; x_wconf 87' lang='lat' dir='ltr'><strong>amovent,</strong></span> <span class='ocrx_word' id='word_1_189' title='bbox 1015 2575 1132 2632; x_wconf 87' lang='lat' dir='ltr'><strong>tutiores</strong></span> <span class='ocrx_word' id='word_1_190' title='bbox 1147 2583 1222 2641; x_wconf 89' lang='lat' dir='ltr'><strong>sunt,</strong></span> <span class='ocrx_word' id='word_1_191' title='bbox 1236 2573 1315 2632; x_wconf 88' lang='lat' dir='ltr'><strong>ideo-</strong></span> 
     </span>
     <span class='ocr_line' id='line_1_22' title="bbox 224 2671 1315 2756; baseline -0.001 -26"><span class='ocrx_word' id='word_1_192' title='bbox 224 2689 278 2744; x_wconf 88' lang='lat' dir='ltr'><strong>que</strong></span> <span class='ocrx_word' id='word_1_193' title='bbox 293 2671 492 2731; x_wconf 80' lang='lat' dir='ltr'><strong>anteferendae.</strong></span> <span class='ocrx_word' id='word_1_194' title='bbox 535 2671 767 2730; x_wconf 73' lang='lat' dir='ltr'><strong>“Confessarius</strong></span> <span class='ocrx_word' id='word_1_195' title='bbox 788 2674 818 2730; x_wconf 88' lang='lat' dir='ltr'><strong>in</strong></span> <span class='ocrx_word' id='word_1_196' title='bbox 838 2671 949 2730; x_wconf 89' lang='lat' dir='ltr'><strong>delectu</strong></span> <span class='ocrx_word' id='word_1_197' title='bbox 971 2672 1138 2756; x_wconf 87' lang='lat' dir='ltr'><strong>opinionum</strong></span> <span class='ocrx_word' id='word_1_198' title='bbox 1151 2681 1217 2730; x_wconf 86' lang='lat' dir='ltr'><strong>tuno</strong></span> <span class='ocrx_word' id='word_1_199' title='bbox 1230 2672 1315 2731; x_wconf 88' lang='lat' dir='ltr'><strong>debet</strong></span> 
     </span>
     <span class='ocr_line' id='line_1_23' title="bbox 224 2770 1314 2848; baseline 0.002 -20"><span class='ocrx_word' id='word_1_200' title='bbox 224 2770 403 2848; x_wconf 88' lang='lat' dir='ltr'><strong>benigniores</strong></span> <span class='ocrx_word' id='word_1_201' title='bbox 417 2772 572 2830; x_wconf 86' lang='lat' dir='ltr'><strong>sententias</strong></span> <span class='ocrx_word' id='word_1_202' title='bbox 595 2771 688 2842; x_wconf 93' lang='lat' dir='ltr'><strong>sequi,</strong></span> <span class='ocrx_word' id='word_1_203' title='bbox 710 2771 825 2842; x_wconf 88' lang='lat' dir='ltr'><strong>quando</strong></span> <span class='ocrx_word' id='word_1_204' title='bbox 845 2771 900 2829; x_wconf 83' lang='lat' dir='ltr'><strong>illae</strong></span> <span class='ocrx_word' id='word_1_205' title='bbox 920 2772 1013 2848; x_wconf 83' lang='lat' dir='ltr'><strong>potius</strong></span> <span class='ocrx_word' id='word_1_206' title='bbox 1027 2771 1164 2831; x_wconf 88' lang='lat' dir='ltr'><strong>inducunt</strong></span> <span class='ocrx_word' id='word_1_207' title='bbox 1177 2772 1314 2847; x_wconf 78' lang='lat' dir='ltr'><strong>preniten-</strong></span> 
     </span>
     <span class='ocr_line' id='line_1_24' title="bbox 225 2868 1314 2947; baseline 0 -21"><span class='ocrx_word' id='word_1_208' title='bbox 225 2877 282 2928; x_wconf 92' lang='lat' dir='ltr'><strong>tem</strong></span> <span class='ocrx_word' id='word_1_209' title='bbox 296 2869 489 2927; x_wconf 74' lang='lat' dir='ltr'><strong>adnitendum</strong></span> <span class='ocrx_word' id='word_1_210' title='bbox 504 2879 663 2945; x_wconf 88' lang='lat' dir='ltr'><strong>peccatum.</strong></span> <span class='ocrx_word' id='word_1_211' title='bbox 706 2869 797 2928; x_wconf 85' lang='lat' dir='ltr'><strong>Secns</strong></span> <span class='ocrx_word' id='word_1_212' title='bbox 817 2868 895 2937; x_wconf 82' lang='lat' dir='ltr'><strong>verb,</strong></span> <span class='ocrx_word' id='word_1_213' title='bbox 916 2872 940 2928; x_wconf 88' lang='lat' dir='ltr'><strong>si</strong></span> <span class='ocrx_word' id='word_1_214' title='bbox 963 2870 1018 2928; x_wconf 84' lang='lat' dir='ltr'><strong>illae</strong></span> <span class='ocrx_word' id='word_1_215' title='bbox 1038 2872 1134 2947; x_wconf 88' lang='lat' dir='ltr'><strong>potius</strong></span> <span class='ocrx_word' id='word_1_216' title='bbox 1155 2870 1314 2929; x_wconf 89' lang='lat' dir='ltr'><strong>conducant</strong></span> 
     </span>
     <span class='ocr_line' id='line_1_25' title="bbox 225 2966 1314 3044; baseline 0.003 -20"><span class='ocrx_word' id='word_1_217' title='bbox 225 2966 260 3024; x_wconf 92' lang='lat' dir='ltr'><strong>ad</strong></span> <span class='ocrx_word' id='word_1_218' title='bbox 273 2967 346 3044; x_wconf 86' lang='lat' dir='ltr'><strong>legis</strong></span> <span class='ocrx_word' id='word_1_219' title='bbox 361 2969 626 3044; x_wconf 84' lang='lat' dir='ltr'><strong>transgressionem,</strong></span> <span class='ocrx_word' id='word_1_220' title='bbox 641 2977 725 3044; x_wconf 90' lang='lat' dir='ltr'><strong>prout</strong></span> <span class='ocrx_word' id='word_1_221' title='bbox 738 2979 806 3026; x_wconf 92' lang='lat' dir='ltr'><strong>sunt</strong></span> <span class='ocrx_word' id='word_1_222' title='bbox 819 2969 969 3044; x_wconf 89' lang='lat' dir='ltr'><strong>opiniones</strong></span> <span class='ocrx_word' id='word_1_223' title='bbox 982 2968 1047 3037; x_wconf 78' lang='lat' dir='ltr'><strong>illae,</strong></span> <span class='ocrx_word' id='word_1_224' title='bbox 1059 2988 1125 3041; x_wconf 78' lang='lat' dir='ltr'><strong>quar</strong></span> <span class='ocrx_word' id='word_1_225' title='bbox 1138 2968 1204 3026; x_wconf 88' lang='lat' dir='ltr'><strong>licet</strong></span> <span class='ocrx_word' id='word_1_226' title='bbox 1213 2987 1314 3044; x_wconf 88' lang='lat' dir='ltr'><strong>specu·</strong></span> 
     </span>
     <span class='ocr_line' id='line_1_26' title="bbox 225 3065 1313 3144; baseline 0.002 -22"><span class='ocrx_word' id='word_1_227' title='bbox 225 3065 309 3123; x_wconf 80' lang='lat' dir='ltr'><strong>latire</strong></span> <span class='ocrx_word' id='word_1_228' title='bbox 323 3065 472 3126; x_wconf 88' lang='lat' dir='ltr'><strong>videantur</strong></span> <span class='ocrx_word' id='word_1_229' title='bbox 485 3065 653 3144; x_wconf 85' lang='lat' dir='ltr'><strong>probabiles,</strong></span> <span class='ocrx_word' id='word_1_230' title='bbox 674 3077 769 3126; x_wconf 89' lang='lat' dir='ltr'><strong>tamen</strong></span> <span class='ocrx_word' id='word_1_231' title='bbox 789 3069 820 3126; x_wconf 89' lang='lat' dir='ltr'><strong>in</strong></span> <span class='ocrx_word' id='word_1_232' title='bbox 841 3068 923 3143; x_wconf 88' lang='lat' dir='ltr'><strong>praxi</strong></span> <span class='ocrx_word' id='word_1_233' title='bbox 942 3075 1010 3124; x_wconf 91' lang='lat' dir='ltr'><strong>sunt</strong></span> <span class='ocrx_word' id='word_1_234' title='bbox 1030 3066 1113 3124; x_wconf 87' lang='lat' dir='ltr'><strong>valde</strong></span> <span class='ocrx_word' id='word_1_235' title='bbox 1133 3068 1313 3142; x_wconf 73' lang='lat' dir='ltr'><strong>periculosae,</strong></span> 
     </span>
     <span class='ocr_line' id='line_1_27' title="bbox 225 3163 1312 3242; baseline 0 -22"><span class='ocrx_word' id='word_1_236' title='bbox 225 3164 299 3221; x_wconf 88' lang='lat' dir='ltr'><strong>sicut</strong></span> <span class='ocrx_word' id='word_1_237' title='bbox 319 3165 348 3222; x_wconf 90' lang='lat' dir='ltr'><strong>in</strong></span> <span class='ocrx_word' id='word_1_238' title='bbox 372 3166 488 3224; x_wconf 89' lang='lat' dir='ltr'><strong>materia</strong></span> <span class='ocrx_word' id='word_1_239' title='bbox 508 3167 582 3224; x_wconf 87' lang='lat' dir='ltr'><strong>sexti</strong></span> <span class='ocrx_word' id='word_1_240' title='bbox 594 3169 728 3242; x_wconf 78' lang='lat' dir='ltr'><strong>praecepti</strong></span> <span class='ocrx_word' id='word_1_241' title='bbox 750 3177 817 3225; x_wconf 90' lang='lat' dir='ltr'><strong>sunt</strong></span> <span class='ocrx_word' id='word_1_242' title='bbox 836 3167 988 3242; x_wconf 90' lang='lat' dir='ltr'><strong>opiniones</strong></span> <span class='ocrx_word' id='word_1_243' title='bbox 1009 3167 1111 3238; x_wconf 81' lang='lat' dir='ltr'><strong>aliquae</strong></span> <span class='ocrx_word' id='word_1_244' title='bbox 1131 3163 1166 3221; x_wconf 90' lang='lat' dir='ltr'><strong>de</strong></span> <span class='ocrx_word' id='word_1_245' title='bbox 1181 3165 1312 3230; x_wconf 88' lang='lat' dir='ltr'><strong>tactibus,</strong></span> 
     </span>
     <span class='ocr_line' id='line_1_28' title="bbox 225 3263 1315 3341; baseline -0.001 -21"><span class='ocrx_word' id='word_1_246' title='bbox 225 3263 343 3331; x_wconf 88' lang='lat' dir='ltr'><strong>osculis,</strong></span> <span class='ocrx_word' id='word_1_247' title='bbox 357 3263 480 3332; x_wconf 88' lang='lat' dir='ltr'><strong>choreis,</strong></span> <span class='ocrx_word' id='word_1_248' title='bbox 503 3264 664 3332; x_wconf 83' lang='lat' dir='ltr'><strong>comoediis,</strong></span> <span class='ocrx_word' id='word_1_249' title='bbox 685 3266 720 3324; x_wconf 89' lang='lat' dir='ltr'><strong>de</strong></span> <span class='ocrx_word' id='word_1_250' title='bbox 740 3264 929 3341; x_wconf 89' lang='lat' dir='ltr'><strong>reprimendis</strong></span> <span class='ocrx_word' id='word_1_251' title='bbox 949 3265 1072 3323; x_wconf 90' lang='lat' dir='ltr'><strong>motibus</strong></span> <span class='ocrx_word' id='word_1_252' title='bbox 1086 3263 1272 3330; x_wconf 86' lang='lat' dir='ltr'><strong>sensualibus,</strong></span> <span class='ocrx_word' id='word_1_253' title='bbox 1287 3271 1315 3319; x_wconf 92' lang='lat' dir='ltr'><strong>et</strong></span> 
     </span>
     <span class='ocr_line' id='line_1_29' title="bbox 225 3361 1313 3438; baseline -0.001 -19"><span class='ocrx_word' id='word_1_254' title='bbox 225 3361 386 3432; x_wconf 80' lang='lat' dir='ltr'><strong>similibus3</strong></span> <span class='ocrx_word' id='word_1_255' title='bbox 409 3365 478 3423; x_wconf 90' lang='lat' dir='ltr'><strong>item</strong></span> <span class='ocrx_word' id='word_1_256' title='bbox 503 3363 533 3421; x_wconf 92' lang='lat' dir='ltr'><strong>iu</strong></span> <span class='ocrx_word' id='word_1_257' title='bbox 553 3364 670 3421; x_wconf 89' lang='lat' dir='ltr'><strong>materia</strong></span> <span class='ocrx_word' id='word_1_258' title='bbox 689 3365 829 3432; x_wconf 88' lang='lat' dir='ltr'><strong>simoniae,</strong></span> <span class='ocrx_word' id='word_1_259' title='bbox 853 3374 881 3422; x_wconf 91' lang='lat' dir='ltr'><strong>et</strong></span> <span class='ocrx_word' id='word_1_260' title='bbox 899 3381 1002 3430; x_wconf 77' lang='lat' dir='ltr'><strong>usurae,</strong></span> <span class='ocrx_word' id='word_1_261' title='bbox 1022 3363 1072 3420; x_wconf 92' lang='lat' dir='ltr'><strong>ubi</strong></span> <span class='ocrx_word' id='word_1_262' title='bbox 1086 3363 1169 3438; x_wconf 89' lang='lat' dir='ltr'><strong>plura</strong></span> <span class='ocrx_word' id='word_1_263' title='bbox 1181 3361 1313 3420; x_wconf 88' lang='lat' dir='ltr'><strong>videntur</strong></span> 
     </span>
     <span class='ocr_line' id='line_1_30' title="bbox 224 3461 1312 3538; baseline -0.002 -20"><span class='ocrx_word' id='word_1_264' title='bbox 224 3462 354 3520; x_wconf 85' lang='lat' dir='ltr'><strong>excusari</strong></span> <span class='ocrx_word' id='word_1_265' title='bbox 377 3465 485 3522; x_wconf 90' lang='lat' dir='ltr'><strong>ratione</strong></span> <span class='ocrx_word' id='word_1_266' title='bbox 498 3463 623 3520; x_wconf 88' lang='lat' dir='ltr'><strong>liberalis</strong></span> <span class='ocrx_word' id='word_1_267' title='bbox 638 3462 829 3538; x_wconf 89' lang='lat' dir='ltr'><strong>gratitudinis,</strong></span> <span class='ocrx_word' id='word_1_268' title='bbox 849 3463 900 3522; x_wconf 88' lang='lat' dir='ltr'><strong>sed</strong></span> <span class='ocrx_word' id='word_1_269' title='bbox 915 3463 945 3520; x_wconf 91' lang='lat' dir='ltr'><strong>in</strong></span> <span class='ocrx_word' id='word_1_270' title='bbox 959 3463 1040 3537; x_wconf 86' lang='lat' dir='ltr'><strong>praxi</strong></span> <span class='ocrx_word' id='word_1_271' title='bbox 1053 3480 1188 3538; x_wconf 86' lang='lat' dir='ltr'><strong>magnum</strong></span> <span class='ocrx_word' id='word_1_272' title='bbox 1202 3461 1312 3536; x_wconf 86' lang='lat' dir='ltr'><strong>pericu·</strong></span> 
     </span>
     <span class='ocr_line' id='line_1_31' title="bbox 222 3558 1313 3640; baseline -0.002 -22"><span class='ocrx_word' id='word_1_273' title='bbox 222 3561 280 3620; x_wconf 91' lang='lat' dir='ltr'><strong>lum</strong></span> <span class='ocrx_word' id='word_1_274' title='bbox 296 3562 464 3630; x_wconf 86' lang='lat' dir='ltr'><strong>involvunt;</strong></span> <span class='ocrx_word' id='word_1_275' title='bbox 485 3561 554 3621; x_wconf 88' lang='lat' dir='ltr'><strong>item</strong></span> <span class='ocrx_word' id='word_1_276' title='bbox 569 3560 683 3634; x_wconf 90' lang='lat' dir='ltr'><strong>quando</strong></span> <span class='ocrx_word' id='word_1_277' title='bbox 697 3564 789 3640; x_wconf 89' lang='lat' dir='ltr'><strong>agitur</strong></span> <span class='ocrx_word' id='word_1_278' title='bbox 807 3562 843 3620; x_wconf 91' lang='lat' dir='ltr'><strong>de</strong></span> <span class='ocrx_word' id='word_1_279' title='bbox 864 3562 1099 3637; x_wconf 87' lang='lat' dir='ltr'><strong>compensatione</strong></span> <span class='ocrx_word' id='word_1_280' title='bbox 1113 3559 1252 3628; x_wconf 79' lang='lat' dir='ltr'><strong>facienda,</strong></span> <span class='ocrx_word' id='word_1_281' title='bbox 1267 3558 1313 3617; x_wconf 88' lang='lat' dir='ltr'><strong>vel</strong></span> 
     </span>
     <span class='ocr_line' id='line_1_32' title="bbox 223 3659 1312 3738; baseline 0.001 -22"><span class='ocrx_word' id='word_1_282' title='bbox 223 3659 258 3717; x_wconf 87' lang='lat' dir='ltr'><strong>de</strong></span> <span class='ocrx_word' id='word_1_283' title='bbox 272 3661 451 3720; x_wconf 88' lang='lat' dir='ltr'><strong>accusatione</strong></span> <span class='ocrx_word' id='word_1_284' title='bbox 466 3660 667 3737; x_wconf 82' lang='lat' dir='ltr'><strong>prosequenda</strong></span> <span class='ocrx_word' id='word_1_285' title='bbox 686 3671 784 3720; x_wconf 89' lang='lat' dir='ltr'><strong>contra</strong></span> <span class='ocrx_word' id='word_1_286' title='bbox 798 3660 967 3729; x_wconf 89' lang='lat' dir='ltr'><strong>offensores,</strong></span> <span class='ocrx_word' id='word_1_287' title='bbox 988 3663 1036 3719; x_wconf 92' lang='lat' dir='ltr'><strong>ubi</strong></span> <span class='ocrx_word' id='word_1_288' title='bbox 1050 3661 1133 3720; x_wconf 79' lang='lat' dir='ltr'><strong>facile</strong></span> <span class='ocrx_word' id='word_1_289' title='bbox 1146 3670 1190 3720; x_wconf 88' lang='lat' dir='ltr'><strong>est</strong></span> <span class='ocrx_word' id='word_1_290' title='bbox 1203 3661 1312 3738; x_wconf 90' lang='lat' dir='ltr'><strong>pericu·</strong></span> 
     </span>
     <span class='ocr_line' id='line_1_33' title="bbox 223 3752 698 3836; baseline 0.008 -22"><span class='ocrx_word' id='word_1_291' title='bbox 223 3757 283 3816; x_wconf 91' lang='lat' dir='ltr'><strong>lum</strong></span> <span class='ocrx_word' id='word_1_292' title='bbox 296 3760 439 3836; x_wconf 82' lang='lat' dir='ltr'><strong>injustitiae</strong></span> <span class='ocrx_word' id='word_1_293' title='bbox 453 3769 503 3818; x_wconf 91' lang='lat' dir='ltr'><strong>aut</strong></span> <span class='ocrx_word' id='word_1_294' title='bbox 514 3752 698 3819; x_wconf 79' lang='lat' dir='ltr'><strong>vindiotae.”²</strong></span> 
     </span>
    </p>
   </div>
   <div class='ocr_carea' id='block_1_3' title="bbox 472 3993 1065 4066">
    <p class='ocr_par' dir='ltr' id='par_1_4' title="bbox 472 3993 1065 4066">
     <span class='ocr_line' id='line_1_34' title="bbox 472 3993 1065 4066; baseline -0.002 -17"><span class='ocrx_word' id='word_1_295' title='bbox 472 3993 498 4066; x_wconf 92' lang='lat'><strong>§.</strong></span> <span class='ocrx_word' id='word_1_296' title='bbox 520 3993 558 4051; x_wconf 85' lang='lat' dir='ltr'><strong>V.</strong></span> <span class='ocrx_word' id='word_1_297' title='bbox 600 3994 648 4051; x_wconf 88' lang='lat' dir='ltr'><strong>Dn</strong></span> <span class='ocrx_word' id='word_1_298' title='bbox 669 4011 835 4052; x_wconf 74' lang='lat' dir='ltr'><strong>reaumaus</strong></span> <span class='ocrx_word' id='word_1_299' title='bbox 854 4011 1065 4051; x_wconf 83' lang='lat' dir='ltr'><strong>connronuors.</strong></span> 
     </span>
    </p>
   </div>
   <div class='ocr_carea' id='block_1_4' title="bbox 220 4155 1314 4334">
    <p class='ocr_par' dir='ltr' id='par_1_5' title="bbox 220 4155 1314 4334">
     <span class='ocr_line' id='line_1_35' title="bbox 262 4155 1314 4226; baseline -0.002 -13"><span class='ocrx_word' id='word_1_300' title='bbox 262 4159 333 4214; x_wconf 82' lang='grc'>228.</span> <span class='ocrx_word' id='word_1_301' title='bbox 356 4155 389 4214; x_wconf 82' lang='lat' dir='ltr'><strong>si</strong></span> <span class='ocrx_word' id='word_1_302' title='bbox 402 4157 432 4215; x_wconf 87' lang='lat' dir='ltr'><strong>iu</strong></span> <span class='ocrx_word' id='word_1_303' title='bbox 444 4175 497 4217; x_wconf 82' lang='lat' dir='ltr'><strong>suo</strong></span> <span class='ocrx_word' id='word_1_304' title='bbox 509 4159 639 4218; x_wconf 88' lang='lat' dir='ltr'><strong>obeundo</strong></span> <span class='ocrx_word' id='word_1_305' title='bbox 653 4179 770 4219; x_wconf 88' lang='lat' dir='ltr'><strong>munere</strong></span> <span class='ocrx_word' id='word_1_306' title='bbox 784 4160 917 4218; x_wconf 87' lang='lat' dir='ltr'><strong>erraverit</strong></span> <span class='ocrx_word' id='word_1_307' title='bbox 936 4157 1126 4216; x_wconf 81' lang='lat' dir='ltr'><strong>confessarius</strong></span> <span class='ocrx_word' id='word_1_308' title='bbox 1143 4155 1249 4226; x_wconf 89' lang='lat' dir='ltr'><strong>absque</strong></span> <span class='ocrx_word' id='word_1_309' title='bbox 1262 4171 1314 4211; x_wconf 89' lang='lat' dir='ltr'><strong>sua</strong></span> 
     </span>
     <span class='ocr_line' id='line_1_36' title="bbox 220 4253 1314 4334; baseline -0.003 -21"><span class='ocrx_word' id='word_1_310' title='bbox 220 4255 316 4334; x_wconf 87' lang='lat' dir='ltr'><strong>culpa,</strong></span> <span class='ocrx_word' id='word_1_311' title='bbox 343 4257 419 4315; x_wconf 88' lang='lat' dir='ltr'><strong>circa</strong></span> <span class='ocrx_word' id='word_1_312' title='bbox 443 4257 569 4318; x_wconf 84' lang='lat' dir='ltr'><strong>valorem</strong></span> <span class='ocrx_word' id='word_1_313' title='bbox 595 4261 776 4327; x_wconf 81' lang='lat' dir='ltr'><strong>sacramenti,</strong></span> <span class='ocrx_word' id='word_1_314' title='bbox 803 4275 929 4317; x_wconf 84' lang='lat' dir='ltr'><strong>errorem</strong></span> <span class='ocrx_word' id='word_1_315' title='bbox 948 4257 1090 4332; x_wconf 88' lang='lat' dir='ltr'><strong>corrigere</strong></span> <span class='ocrx_word' id='word_1_316' title='bbox 1116 4253 1214 4313; x_wconf 86' lang='lat' dir='ltr'><strong>debet:</strong></span> <span class='ocrx_word' id='word_1_317' title='bbox 1246 4253 1314 4326; x_wconf 89' lang='lat' dir='ltr'><strong>quia</strong></span> 
     </span>
    </p>
   </div>
   <div class='ocr_carea' id='block_1_5' title="bbox 392 4452 1145 4527">
    <p class='ocr_par' dir='ltr' id='par_1_6' title="bbox 392 4452 1145 4527">
     <span class='ocr_line' id='line_1_37' title="bbox 392 4452 1145 4527; baseline 0.001 -23"><span class='ocrx_word' id='word_1_318' title='bbox 392 4458 436 4527; x_wconf 73' lang='lat' dir='ltr'><strong>(l)</strong></span> <span class='ocrx_word' id='word_1_319' title='bbox 456 4454 486 4507; x_wconf 82' lang='lat' dir='ltr'><strong>L.</strong></span> <span class='ocrx_word' id='word_1_320' title='bbox 499 4456 530 4509; x_wconf 84' lang='lat' dir='ltr'><strong>ri.</strong></span> <span class='ocrx_word' id='word_1_321' title='bbox 541 4459 633 4508; x_wconf 65' lang='lat'>110604.</span> <span class='ocrx_word' id='word_1_322' title='bbox 877 4456 920 4522; x_wconf 87' lang='grc'><strong>(2)</strong></span> <span class='ocrx_word' id='word_1_323' title='bbox 939 4452 1039 4514; x_wconf 83' lang='lat' dir='ltr'><strong>ibidem,</strong></span> <span class='ocrx_word' id='word_1_324' title='bbox 1050 4469 1075 4504; x_wconf 91' lang='lat' dir='ltr'><strong>n.</strong></span> <span class='ocrx_word' id='word_1_325' title='bbox 1088 4456 1145 4506; x_wconf 82' lang='lat'><strong>605.</strong></span> 
     </span>
    </p>
   </div>
   <div class='ocr_carea' id='block_1_6' title="bbox 0 0 1576 5192">
    <p class='ocr_par' dir='ltr' id='par_1_7' title="bbox 0 0 1576 5192">
     <span class='ocr_line' id='line_1_38' title="bbox 0 0 1576 5192; baseline 0 0"><span class='ocrx_word' id='word_1_326' title='bbox 0 0 1576 5192; x_wconf 95' lang='lat' dir='ltr'><strong> </strong></span> 
     </span>
    </p>
   </div>
  </div>
 </body>
</html>
