3144 5192
238 555 295 612 192
425 552 482 612 DE
502 549 830 613 JURISDIOTIONE
852 549 1141 615 CONFESSARII.

234 722 362 800 regionis
373 738 463 789 more,
473 729 577 780 etuota
589 720 732 780 voluntate
746 719 886 798 episcopi,
900 739 946 779 res
960 721 1075 798 pendet.
1096 719 1197 781 lubae
1207 721 1323 799 regione

237 821 267 879 in
286 840 343 895 qua
363 820 492 899 paroeciae
512 819 624 889 desunt,
651 819 814 878 sacerdotes
835 821 984 896 approbati
1006 831 1161 881 censentur
1186 839 1238 898 pro
1266 831 1322 878 tota

235 919 362 989 diocesi,
383 921 513 994 quamvis
527 938 585 978 non
605 919 724 978 debeant
743 919 920 978 facultatibus
940 920 994 978 sibi
1012 921 1175 980 commissis
1196 919 1237 979 uti
1257 937 1321 978 eum

235 1021 355 1080 aliorum
369 1021 551 1099 gravamine:
573 1028 744 1096 quapropter
758 1019 873 1076 nonnisi
886 1018 959 1076 bona
976 1039 1041 1078 cum
1055 1021 1138 1078 venia
1151 1019 1323 1078 missionarii

235 1119 303 1190 loci,
318 1120 423 1180 debent
436 1119 632 1178 confessiones
642 1127 723 1176 extra
736 1136 817 1175 suam
831 1118 998 1177 missionem
1010 1120 1155 1196 excipere.
1183 1118 1217 1177 ln
1233 1117 1324 1178 aliena

235 1220 353 1280 dioecesi
365 1219 405 1277 nil
418 1225 539 1296 possunt
551 1217 656 1290 absque
670 1217 790 1294 speciali
804 1217 886 1274 venia
899 1215 1043 1286 ordinarii,
1058 1235 1112 1276 nec
1124 1219 1202 1278 enim
1217 1215 1324 1275 sufficit

235 1335 394 1379 consensus
415 1317 589 1374 missionarii
607 1317 665 1374 loci
683 1326 715 1375 ut
734 1316 881 1393 approbati
905 1315 964 1376 illic
983 1317 1149 1376 habeantur.
1201 1315 1325 1374 Perochi

236 1418 351 1491 quidem
374 1426 497 1494 possunt
515 1435 582 1476 suos
603 1414 732 1474 subditos
755 1415 785 1474 in
806 1415 898 1473 aliena
918 1413 1035 1476 dioeceri
1059 1409 1240 1475 absolvere:¹
1270 1415 1322 1472 sed

235 1517 409 1576 missionarii
422 1515 517 1574 nullos
531 1514 660 1574 subditos
674 1525 827 1574 censentur
846 1513 959 1573 habere.
1001 1517 1144 1592 Episcopi
1164 1523 1243 1573 extra
1255 1533 1322 1572 suas

235 1615 373 1674 dioeceses
394 1616 462 1674 olim
476 1623 604 1690 poterant
615 1615 671 1673 sibi
691 1615 795 1691 eligere
816 1612 1030 1684 confessarium,
1045 1615 1094 1687 qui
1108 1634 1142 1674 eo
1156 1614 1220 1692 ipso
1234 1615 1323 1690 potie-

237 1715 318 1773 batur
324 1706 549 1791 jurisdictione,²
557 1713 606 1771 sed
619 1713 714 1792 idjam
725 1714 902 1789 restringitur
911 1714 945 1771 ad
954 1714 1130 1774 sacerdotem
1140 1714 1326 1790 approbatum

231 1831 253 1872 ‘a
278 1815 393 1891 proprio
413 1809 583 1873 ordinario.³
623 1813 701 1871 Inter
713 1814 865 1890 episcopos
893 1812 1091 1874 loederatarum
1110 1813 1321 1891 provinciarum

237 1914 371 1973 convenit
390 1914 542 1990 episcopos
560 1912 612 1970 iter
626 1921 742 1989 agentes
755 1913 785 1970 in
799 1911 892 1970 aliena
912 1911 1029 1972 dioecesi
1041 1913 1147 1972 habere
1167 1911 1322 1977 facultates,

237 2031 309 2087 quas
323 2024 351 2071 et
363 2011 501 2071 sacerdoti
516 2012 623 2070 itineris
635 2011 731 2070 comiti
745 2011 956 2070 communicare
969 2011 1089 2072 valeant.
1131 2011 1254 2072 Parochi
1267 2029 1325 2068 non
1361 2064 1363 2070 ,

236 2111 342 2172 habent
361 2112 520 2169 facultatem
546 2110 601 2167 sibi
630 2109 755 2188 eligendi
779 2111 809 2168 in
827 2110 1032 2172 confessarium
1063 2112 1238 2171 sacerdotem
1264 2127 1322 2168 non

237 2209 423 2287 approbatum
433 2210 467 2267 ab
476 2207 635 2268 ordinario:
650 2209 789 2268 contraria
797 2211 905 2286 quippe
915 2213 1033 2272 assertio
1044 2211 1176 2270 damnata
1183 2220 1227 2270 est
1235 2201 1259 2266 :⁴
1270 2207 1322 2266 sed

236 2308 397 2370 nonnullibi
408 2309 578 2387 permittitur
586 2317 616 2367 ut
629 2310 760 2386 parochis
772 2309 870 2368 alienae
881 2307 1037 2370 dioceseos
1052 2311 1248 2370 confiteantur.
1276 2307 1322 2366 Ob

236 2408 430 2468 difficultatem
457 2418 615 2468 nostrarum
644 2412 803 2488 regionum,
825 2410 979 2468 nonnullus
1007 2411 1162 2488 episcopus
1191 2407 1325 2488 permittit

236 2510 424 2569 missionariis
433 2510 482 2582 qui
492 2511 526 2566 ab
537 2508 598 2566 aliis
611 2513 707 2586 procul
717 2510 831 2577 distant,
840 2511 1090 2570 utcorntnuuicent
1093 2510 1322 2588 jurisdictionem

236 2627 289 2685 pro
315 2629 368 2668 sua
387 2609 567 2668 consessione
588 2609 727 2668 audienda
749 2609 887 2667 sacerdoti
907 2611 1087 2684 cuicumque,
1108 2611 1184 2668 nulla
1203 2623 1324 2665 censura

237 2708 379 2776 adstricto,
389 2725 475 2781 quem
490 2707 640 2784 eontigerit
652 2710 705 2766 iter
718 2726 801 2786 agere
815 2727 866 2785 per
877 2708 941 2766 loca
954 2728 1012 2770 suae
1027 2709 1181 2768 missionis.

278 2810 345 2864 135.
366 2807 384 2864 J
388 2805 534 2864 urisdictio
542 2807 668 2865 exerceri
677 2825 733 2866 non
745 2815 881 2884 potestex
890 2809 1074 2868 certafiducia
1082 2810 1144 2887 ejus
1155 2804 1323 2866 exercitium

235 2914 327 2964 ratum
341 2904 513 2971 habendum,
525 2924 591 2963 nam
606 2904 653 2963 illa
666 2907 753 2965 animi
767 2908 914 2984 persuasio
924 2909 965 2966 nil
979 2910 1059 2985 ponit
1072 2909 1155 2969 inre.
1197 2903 1257 2964 Sed
1270 2923 1323 2963 nec

235 3005 303 3063 licat
324 3005 463 3081 probabili
484 3005 535 3073 uti,
550 3004 605 3062 nisi
624 3005 653 3065 iu
674 3007 709 3065 iis
732 3008 761 3065 in
783 3007 886 3079 quibus
909 3007 1035 3084 theologi
1057 3008 1185 3085 plerique
1208 3014 1325 3064 censent

237 3104 399 3164 Ecclesiam
419 3123 481 3162 eant
498 3103 697 3182 jurisdictione
721 3107 865 3184 supplere,
880 3125 968 3179 quum
989 3117 1197 3166 sacramentum
1217 3105 1324 3163 nonsit

237 3205 396 3264 discrimini
410 3213 515 3262 temere
527 3205 732 3282 objiciendum.

278 3307 345 3362 136.
367 3303 554 3380 Amplectitur
576 3304 608 3362 S.
631 3305 798 3382 alphonsus
818 3293 1071 3381 sententiamque
1098 3307 1199 3368 “dicit
1217 3305 1325 3364 licitum

199 3413 200 3418 ’
236 3401 351 3476 quidem
365 3421 429 3461 esse
443 3403 600 3461 ministrare
625 3404 681 3464 hoc
704 3416 910 3466 sacramentum
931 3408 1104 3482 poenitsntiae
1118 3427 1183 3466 curn
1192 3402 1326 3484 jurisdic·

236 3502 312 3560 tione
325 3502 474 3578 probabili,
489 3501 540 3560 sed
553 3505 668 3563 nonnisi
682 3504 795 3578 quando
813 3506 893 3564 adest
912 3525 999 3564 causa
1018 3508 1113 3585 gravis
1133 3503 1323 3568 necessitatis,

236 3610 283 3657 aut
296 3619 404 3676 magnac
419 3601 556 3667 utilitatis,
571 3613 602 3660 ut
615 3605 693 3662 aiunt
705 3604 792 3663 Elbel
813 3613 842 3662 et
855 3605 1004 3683 Wigandt,
1019 3608 1064 3666 vel
1077 3623 1163 3665 causa
1175 3601 1325 3663 rationabi-

234 3698 281 3765 lis,
295 3705 326 3755 ut
338 3699 471 3770 inquiunt
484 3699 591 3758 Suarez
605 3711 633 3758 et
646 3702 765 3778 Sporerr
796 3702 881 3764 Retio
893 3706 980 3783 hujus
993 3705 1170 3765 limitationis
1184 3711 1243 3768 est;
1259 3701 1326 3774 quia

235 3796 443 3856 licetEcclesia
456 3815 491 3854 eo
504 3815 572 3855 casu
586 3801 622 3858 ob
636 3801 743 3860 bonum
758 3804 916 3863 animarum
930 3805 1002 3864 bene
1016 3807 1128 3865 censeri
1142 3799 1326 3882 possitjuris·

235 3896 389 3956 dictionem
403 3897 547 3974 supplere,
562 3907 656 3963 tamen
670 3919 728 3959 non
749 3903 929 3977 praesumitur
948 3903 1027 3963 nulla
1043 3905 1122 3981 justa
1145 3920 1229 3962 causa
1249 3915 1327 3956 accc·

236 3995 331 4067 dente,
343 3997 416 4056 velle
430 3997 584 4056 connivere
598 4018 682 4058 merae
696 4000 816 4060 libertati
830 4003 1021 4064 sacerdotum.
1044 3999 1224 4081 Hujusmodi
1233 4008 1327 4056 aretem

234 4115 321 4156 causa
334 4097 378 4178 (ut
391 4107 509 4157 censent
521 4098 629 4175 Sporer
641 4109 670 4158 et
688 4099 865 4180 Holzmann)
887 4104 1000 4163 accidit.
1046 4108 1072 4162 l.
1094 4101 1218 4171 Quando
1238 4097 1327 4176 preni-

236 4205 299 4256 tens
317 4197 443 4276 indigeat
456 4179 562 4257 auxilio
575 4199 635 4257 sive
650 4201 770 4259 consilio
784 4201 860 4260 illius
874 4203 1051 4262 confessarii.
1093 4209 1123 4262 2.
1147 4202 1180 4259 Si
1194 4196 1327 4274 complex

272 4356 314 4419 (l)
329 4355 355 4403 S.
369 4355 442 4419 Alph.
452 4357 468 4406 l.
480 4357 512 4406 vi.
523 4374 550 4407 n.
562 4359 620 4407 544.
755 4360 797 4424 (2)
818 4359 880 4425 Gap.
891 4359 934 4411 fin.
946 4361 987 4411 Ne
999 4378 1041 4428 pro
1053 4361 1176 4420 dilatione,
1187 4361 1217 4411 de
1227 4357 1310 4422 poenit·

271 4440 314 4505 (3)
333 4439 374 4489 Ex
387 4440 449 4491 decl.
466 4441 578 4504 Gregorii
589 4443 659 4492 ΧΠΙ.
671 4443 731 4494 Dec.
746 4447 819 4494 1582.

273 4525 315 4590 (4)
335 4523 408 4588 Prop.
420 4525 469 4574 xvi.
482 4527 544 4576 inter
555 4527 680 4577 damnatas
692 4531 722 4578 ab
734 4529 806 4578 Alex.
819 4531 874 4580 Vll.
