<?xml version="1.0" encoding="UTF-8"?>
<!DOCTYPE html PUBLIC "-//W3C//DTD XHTML 1.0 Transitional//EN"
    "http://www.w3.org/TR/xhtml1/DTD/xhtml1-transitional.dtd">
<html xmlns="http://www.w3.org/1999/xhtml" xml:lang="en" lang="en">
 <head>
  <title>
</title>
<meta http-equiv="Content-Type" content="text/html;charset=utf-8" />
  <meta name='ocr-system' content='tesseract 3.04.00' />
  <meta name='ocr-capabilities' content='ocr_page ocr_carea ocr_par ocr_line ocrx_word'/>
</head>
<body>
  <div class='ocr_page' id='page_1' title='image "./theologiaemoral02kenrgoog_0192.png"; bbox 0 0 3172 5172; ppageno 0'>
   <div class='ocr_carea' id='block_1_1' title="bbox 505 513 1342 613">
    <p class='ocr_par' dir='ltr' id='par_1_1' title="bbox 505 513 1342 613">
     <span class='ocr_line' id='line_1_1' title="bbox 505 513 1342 613; baseline 0.004 -5"><span class='ocrx_word' id='word_1_1' title='bbox 505 547 562 608; x_wconf 81' lang='lat' dir='ltr'>uu</span> <span class='ocrx_word' id='word_1_2' title='bbox 583 546 749 610; x_wconf 78' lang='lat' dir='ltr'>muruco</span> <span class='ocrx_word' id='word_1_3' title='bbox 769 513 1111 608; x_wconf 58' lang='lat' dir='ltr'>conuussrontsj</span> <span class='ocrx_word' id='word_1_4' title='bbox 1285 555 1342 613; x_wconf 80' lang='lat' dir='ltr'>uu</span> 
     </span>
    </p>
   </div>
   <div class='ocr_carea' id='block_1_2' title="bbox 177 711 1345 4370">
    <p class='ocr_par' dir='ltr' id='par_1_2' title="bbox 254 711 1344 976">
     <span class='ocr_line' id='line_1_2' title="bbox 255 711 1343 794; baseline -0.003 -18"><span class='ocrx_word' id='word_1_5' title='bbox 255 717 408 791; x_wconf 90' lang='lat' dir='ltr'>aliquando</span> <span class='ocrx_word' id='word_1_6' title='bbox 428 717 569 785; x_wconf 85' lang='lat' dir='ltr'>excusari,</span> <span class='ocrx_word' id='word_1_7' title='bbox 596 717 732 792; x_wconf 90' lang='lat' dir='ltr'>scriptum</span> <span class='ocrx_word' id='word_1_8' title='bbox 756 713 864 774; x_wconf 72' lang='lat' dir='ltr'>secreti</span> <span class='ocrx_word' id='word_1_9' title='bbox 889 715 1018 793; x_wconf 86' lang='lat' dir='ltr'>legentes</span> <span class='ocrx_word' id='word_1_10' title='bbox 1042 711 1119 787; x_wconf 92' lang='lat' dir='ltr'>quod</span> <span class='ocrx_word' id='word_1_11' title='bbox 1139 714 1254 787; x_wconf 84' lang='lat' dir='ltr'>aliquod</span> <span class='ocrx_word' id='word_1_12' title='bbox 1280 717 1343 794; x_wconf 88' lang='lat' dir='ltr'>ejus</span> 
     </span>
     <span class='ocr_line' id='line_1_3' title="bbox 254 812 1344 893; baseline 0 -19"><span class='ocrx_word' id='word_1_13' title='bbox 254 817 390 876; x_wconf 89' lang='lat' dir='ltr'>indicium</span> <span class='ocrx_word' id='word_1_14' title='bbox 401 816 525 892; x_wconf 77' lang='lat' dir='ltr'>praebere</span> <span class='ocrx_word' id='word_1_15' title='bbox 533 815 703 893; x_wconf 87' lang='lat' dir='ltr'>conjiciunt:</span> <span class='ocrx_word' id='word_1_16' title='bbox 716 835 769 875; x_wconf 91' lang='lat' dir='ltr'>nec</span> <span class='ocrx_word' id='word_1_17' title='bbox 780 814 914 892; x_wconf 88' lang='lat' dir='ltr'>culpandi</span> <span class='ocrx_word' id='word_1_18' title='bbox 922 812 1053 873; x_wconf 86' lang='lat' dir='ltr'>videntur</span> <span class='ocrx_word' id='word_1_19' title='bbox 1062 814 1087 872; x_wconf 87' lang='lat' dir='ltr'>si</span> <span class='ocrx_word' id='word_1_20' title='bbox 1098 815 1196 873; x_wconf 91' lang='lat' dir='ltr'>notitia</span> <span class='ocrx_word' id='word_1_21' title='bbox 1206 815 1344 890; x_wconf 89' lang='lat' dir='ltr'>acquisita</span> 
     </span>
     <span class='ocr_line' id='line_1_4' title="bbox 255 915 715 976; baseline -0.002 -2"><span class='ocrx_word' id='word_1_22' title='bbox 255 918 284 975; x_wconf 89' lang='lat' dir='ltr'>iu</span> <span class='ocrx_word' id='word_1_23' title='bbox 299 917 418 976; x_wconf 91' lang='lat' dir='ltr'>aliorum</span> <span class='ocrx_word' id='word_1_24' title='bbox 430 915 579 974; x_wconf 81' lang='lat' dir='ltr'><strong>utilitatem</strong></span> <span class='ocrx_word' id='word_1_25' title='bbox 592 923 715 973; x_wconf 88' lang='lat' dir='ltr'>utantur.</span> 
     </span>
    </p>

    <p class='ocr_par' dir='ltr' id='par_1_3' title="bbox 177 1012 1345 3951">
     <span class='ocr_line' id='line_1_5' title="bbox 292 1012 1342 1089; baseline -0.001 -16"><span class='ocrx_word' id='word_1_26' title='bbox 292 1019 343 1073; x_wconf 86' lang='grc'>93.</span> <span class='ocrx_word' id='word_1_27' title='bbox 364 1015 414 1074; x_wconf 85' lang='lat' dir='ltr'>Ex</span> <span class='ocrx_word' id='word_1_28' title='bbox 435 1015 548 1073; x_wconf 89' lang='lat' dir='ltr'>licentia</span> <span class='ocrx_word' id='word_1_29' title='bbox 568 1015 731 1089; x_wconf 87' lang='lat' dir='ltr'>poenitentis</span> <span class='ocrx_word' id='word_1_30' title='bbox 757 1013 844 1072; x_wconf 89' lang='lat' dir='ltr'>libere</span> <span class='ocrx_word' id='word_1_31' title='bbox 868 1012 942 1080; x_wconf 85' lang='lat' dir='ltr'>data,</span> <span class='ocrx_word' id='word_1_32' title='bbox 960 1031 1019 1070; x_wconf 91' lang='lat' dir='ltr'>non</span> <span class='ocrx_word' id='word_1_33' title='bbox 1042 1012 1203 1087; x_wconf 80' lang='lat' dir='ltr'><strong>importune</strong></span> <span class='ocrx_word' id='word_1_34' title='bbox 1224 1022 1342 1083; x_wconf 86' lang='lat' dir='ltr'>extorta,</span> 
     </span>
     <span class='ocr_line' id='line_1_6' title="bbox 254 1111 1344 1193; baseline -0.001 -21"><span class='ocrx_word' id='word_1_35' title='bbox 254 1115 331 1193; x_wconf 87' lang='lat' dir='ltr'>gravi</span> <span class='ocrx_word' id='word_1_36' title='bbox 345 1123 516 1191; x_wconf 77' lang='lat' dir='ltr'>suppetente</span> <span class='ocrx_word' id='word_1_37' title='bbox 529 1132 623 1180; x_wconf 88' lang='lat' dir='ltr'>causa,</span> <span class='ocrx_word' id='word_1_38' title='bbox 637 1123 732 1189; x_wconf 79' lang='lat' dir='ltr'>potest</span> <span class='ocrx_word' id='word_1_39' title='bbox 750 1112 883 1171; x_wconf 80' lang='lat' dir='ltr'>sacerdos</span> <span class='ocrx_word' id='word_1_40' title='bbox 896 1111 994 1169; x_wconf 91' lang='lat' dir='ltr'>notitia</span> <span class='ocrx_word' id='word_1_41' title='bbox 1006 1111 1036 1168; x_wconf 89' lang='lat' dir='ltr'>in</span> <span class='ocrx_word' id='word_1_42' title='bbox 1055 1111 1236 1170; x_wconf 85' lang='lat' dir='ltr'>confessione</span> <span class='ocrx_word' id='word_1_43' title='bbox 1249 1112 1344 1172; x_wconf 88' lang='lat' dir='ltr'>habita</span> 
     </span>
     <span class='ocr_line' id='line_1_7' title="bbox 254 1210 1345 1290; baseline -0.003 -17"><span class='ocrx_word' id='word_1_44' title='bbox 254 1215 314 1281; x_wconf 90' lang='lat' dir='ltr'>uti;</span> <span class='ocrx_word' id='word_1_45' title='bbox 331 1233 398 1272; x_wconf 89' lang='lat' dir='ltr'>nam</span> <span class='ocrx_word' id='word_1_46' title='bbox 409 1233 497 1287; x_wconf 90' lang='lat' dir='ltr'>quum</span> <span class='ocrx_word' id='word_1_47' title='bbox 511 1213 639 1290; x_wconf 88' lang='lat' dir='ltr'>sigillum</span> <span class='ocrx_word' id='word_1_48' title='bbox 653 1212 682 1271; x_wconf 91' lang='lat' dir='ltr'>in</span> <span class='ocrx_word' id='word_1_49' title='bbox 693 1212 819 1270; x_wconf 87' lang='lat' dir='ltr'>favorem</span> <span class='ocrx_word' id='word_1_50' title='bbox 834 1211 996 1287; x_wconf 77' lang='lat' dir='ltr'>poenitentis</span> <span class='ocrx_word' id='word_1_51' title='bbox 1011 1210 1167 1269; x_wconf 89' lang='lat' dir='ltr'>institutum</span> <span class='ocrx_word' id='word_1_52' title='bbox 1183 1212 1229 1279; x_wconf 88' lang='lat' dir='ltr'>sit,</span> <span class='ocrx_word' id='word_1_53' title='bbox 1240 1213 1345 1287; x_wconf 83' lang='lat' dir='ltr'>poterit</span> 
     </span>
     <span class='ocr_line' id='line_1_8' title="bbox 255 1309 1343 1389; baseline -0.003 -18"><span class='ocrx_word' id='word_1_54' title='bbox 255 1314 351 1386; x_wconf 90' lang='lat' dir='ltr'>utique</span> <span class='ocrx_word' id='word_1_55' title='bbox 361 1313 408 1371; x_wconf 88' lang='lat' dir='ltr'>hic</span> <span class='ocrx_word' id='word_1_56' title='bbox 418 1313 478 1389; x_wconf 90' lang='lat' dir='ltr'>juri</span> <span class='ocrx_word' id='word_1_57' title='bbox 486 1330 538 1370; x_wconf 90' lang='lat' dir='ltr'>suo</span> <span class='ocrx_word' id='word_1_58' title='bbox 553 1309 672 1378; x_wconf 86' lang='lat' dir='ltr'>cedere;</span> <span class='ocrx_word' id='word_1_59' title='bbox 695 1319 715 1345; x_wconf 80' lang='lat'>‘⁶</span> <span class='ocrx_word' id='word_1_60' title='bbox 724 1309 849 1387; x_wconf 89' lang='lat' dir='ltr'>potest,’&#39;</span> <span class='ocrx_word' id='word_1_61' title='bbox 865 1310 956 1382; x_wconf 88' lang='lat' dir='ltr'>inquit</span> <span class='ocrx_word' id='word_1_62' title='bbox 968 1309 1001 1366; x_wconf 82' lang='lat' dir='ltr'>S.</span> <span class='ocrx_word' id='word_1_63' title='bbox 1016 1309 1158 1378; x_wconf 79' lang='lat' dir='ltr'><strong>Thomas,</strong></span> <span class='ocrx_word' id='word_1_64' title='bbox 1174 1310 1343 1369; x_wconf 86' lang='lat' dir='ltr'>“confitens</span> 
     </span>
     <span class='ocr_line' id='line_1_9' title="bbox 212 1407 1345 1483; baseline 0.002 -16"><span class='ocrx_word' id='word_1_65' title='bbox 212 1463 214 1467; x_wconf 87' lang='lat'>.</span> <span class='ocrx_word' id='word_1_66' title='bbox 255 1413 358 1480; x_wconf 83' lang='lat' dir='ltr'>facere,</span> <span class='ocrx_word' id='word_1_67' title='bbox 373 1411 484 1470; x_wconf 91' lang='lat' dir='ltr'>utillud</span> <span class='ocrx_word' id='word_1_68' title='bbox 498 1409 576 1483; x_wconf 91' lang='lat' dir='ltr'>quod</span> <span class='ocrx_word' id='word_1_69' title='bbox 590 1409 723 1468; x_wconf 79' lang='lat' dir='ltr'>sacerdos</span> <span class='ocrx_word' id='word_1_70' title='bbox 737 1410 844 1467; x_wconf 84' lang='lat' dir='ltr'>sciebat</span> <span class='ocrx_word' id='word_1_71' title='bbox 863 1417 970 1465; x_wconf 90' lang='lat' dir='ltr'>tantum</span> <span class='ocrx_word' id='word_1_72' title='bbox 985 1416 1015 1465; x_wconf 91' lang='lat' dir='ltr'>ut</span> <span class='ocrx_word' id='word_1_73' title='bbox 1028 1407 1120 1476; x_wconf 84' lang='lat' dir='ltr'>Deus,</span> <span class='ocrx_word' id='word_1_74' title='bbox 1135 1409 1204 1466; x_wconf 91' lang='lat' dir='ltr'>sciat</span> <span class='ocrx_word' id='word_1_75' title='bbox 1216 1411 1300 1468; x_wconf 89' lang='lat' dir='ltr'>etiam</span> <span class='ocrx_word' id='word_1_76' title='bbox 1313 1421 1345 1469; x_wconf 90' lang='lat' dir='ltr'>ut</span> 
     </span>
     <span class='ocr_line' id='line_1_10' title="bbox 254 1505 1344 1582; baseline -0.001 -13"><span class='ocrx_word' id='word_1_77' title='bbox 254 1511 362 1574; x_wconf 69' lang='lat' dir='ltr'>homor</span> <span class='ocrx_word' id='word_1_78' title='bbox 385 1509 461 1582; x_wconf 91' lang='lat' dir='ltr'>quod</span> <span class='ocrx_word' id='word_1_79' title='bbox 475 1510 551 1577; x_wconf 84' lang='lat' dir='ltr'>facit,</span> <span class='ocrx_word' id='word_1_80' title='bbox 566 1507 633 1566; x_wconf 94' lang='lat' dir='ltr'>dum</span> <span class='ocrx_word' id='word_1_81' title='bbox 648 1509 776 1567; x_wconf 89' lang='lat' dir='ltr'>licentiat</span> <span class='ocrx_word' id='word_1_82' title='bbox 784 1526 849 1566; x_wconf 90' lang='lat' dir='ltr'>eum</span> <span class='ocrx_word' id='word_1_83' title='bbox 864 1507 898 1565; x_wconf 92' lang='lat' dir='ltr'>ad</span> <span class='ocrx_word' id='word_1_84' title='bbox 912 1505 1084 1566; x_wconf 85' lang='lat' dir='ltr'>dicendum:</span> <span class='ocrx_word' id='word_1_85' title='bbox 1106 1518 1135 1565; x_wconf 87' lang='lat' dir='ltr'>et</span> <span class='ocrx_word' id='word_1_86' title='bbox 1147 1506 1212 1566; x_wconf 87' lang='lat' dir='ltr'>ideo</span> <span class='ocrx_word' id='word_1_87' title='bbox 1222 1509 1246 1566; x_wconf 92' lang='lat' dir='ltr'>si</span> <span class='ocrx_word' id='word_1_88' title='bbox 1260 1508 1344 1577; x_wconf 88' lang='lat' dir='ltr'>dicat,</span> 
     </span>
     <span class='ocr_line' id='line_1_11' title="bbox 177 1601 1344 1686; baseline 0 -18"><span class='ocrx_word' id='word_1_89' title='bbox 177 1660 181 1668; x_wconf 78' lang='grc'>,</span> <span class='ocrx_word' id='word_1_90' title='bbox 255 1628 313 1668; x_wconf 90' lang='lat' dir='ltr'>non</span> <span class='ocrx_word' id='word_1_91' title='bbox 339 1609 443 1686; x_wconf 87' lang='lat' dir='ltr'>frangit</span> <span class='ocrx_word' id='word_1_92' title='bbox 464 1608 591 1685; x_wconf 88' lang='lat' dir='ltr'>sigillum</span> <span class='ocrx_word' id='word_1_93' title='bbox 616 1601 855 1667; x_wconf 84' lang='lat' dir='ltr'>confessionis.”¹</span> <span class='ocrx_word' id='word_1_94' title='bbox 897 1605 1043 1664; x_wconf 82' lang='lat' dir='ltr'>Ceterum</span> <span class='ocrx_word' id='word_1_95' title='bbox 1062 1625 1120 1664; x_wconf 89' lang='lat' dir='ltr'>non</span> <span class='ocrx_word' id='word_1_96' title='bbox 1139 1617 1250 1684; x_wconf 88' lang='lat' dir='ltr'>oportet</span> <span class='ocrx_word' id='word_1_97' title='bbox 1269 1608 1344 1668; x_wconf 90' lang='lat' dir='ltr'>hanc</span> 
     </span>
     <span class='ocr_line' id='line_1_12' title="bbox 254 1705 1345 1785; baseline 0 -19"><span class='ocrx_word' id='word_1_98' title='bbox 254 1720 351 1784; x_wconf 83' lang='lat' dir='ltr'>petere</span> <span class='ocrx_word' id='word_1_99' title='bbox 364 1728 379 1765; x_wconf 92' lang='lat' dir='ltr'>a</span> <span class='ocrx_word' id='word_1_100' title='bbox 393 1708 547 1783; x_wconf 82' lang='lat' dir='ltr'>poenitente</span> <span class='ocrx_word' id='word_1_101' title='bbox 562 1707 742 1776; x_wconf 86' lang='lat' dir='ltr'>veniam,ch</span> <span class='ocrx_word' id='word_1_102' title='bbox 755 1715 856 1784; x_wconf 87' lang='lat' dir='ltr'>sponte</span> <span class='ocrx_word' id='word_1_103' title='bbox 870 1705 962 1764; x_wconf 93' lang='lat' dir='ltr'>oblata</span> <span class='ocrx_word' id='word_1_104' title='bbox 972 1707 1022 1773; x_wconf 90' lang='lat' dir='ltr'>uti,</span> <span class='ocrx_word' id='word_1_105' title='bbox 1032 1706 1089 1765; x_wconf 90' lang='lat' dir='ltr'>nisi</span> <span class='ocrx_word' id='word_1_106' title='bbox 1103 1706 1198 1783; x_wconf 86' lang='lat' dir='ltr'>gravis</span> <span class='ocrx_word' id='word_1_107' title='bbox 1212 1718 1345 1785; x_wconf 89' lang='lat' dir='ltr'>suppetat</span> 
     </span>
     <span class='ocr_line' id='line_1_13' title="bbox 253 1805 1343 1883; baseline 0.001 -19"><span class='ocrx_word' id='word_1_108' title='bbox 253 1827 357 1867; x_wconf 88' lang='lat' dir='ltr'>causa:</span> <span class='ocrx_word' id='word_1_109' title='bbox 374 1815 614 1880; x_wconf 88' lang='lat' dir='ltr'>quaoccurrente,</span> <span class='ocrx_word' id='word_1_110' title='bbox 628 1807 797 1883; x_wconf 86' lang='lat' dir='ltr'>plerumque</span> <span class='ocrx_word' id='word_1_111' title='bbox 811 1805 988 1864; x_wconf 90' lang='lat' dir='ltr'>inducendus</span> <span class='ocrx_word' id='word_1_112' title='bbox 998 1807 1210 1881; x_wconf 85' lang='lat' dir='ltr'>eritpoeniteus,</span> <span class='ocrx_word' id='word_1_113' title='bbox 1220 1817 1252 1864; x_wconf 92' lang='lat' dir='ltr'>ut</span> <span class='ocrx_word' id='word_1_114' title='bbox 1264 1816 1343 1865; x_wconf 84' lang='lat' dir='ltr'>extra</span> 
     </span>
     <span class='ocr_line' id='line_1_14' title="bbox 251 1903 1343 1982; baseline -0.001 -18"><span class='ocrx_word' id='word_1_115' title='bbox 251 1907 372 1966; x_wconf 87' lang='lat' dir='ltr'>tribunal</span> <span class='ocrx_word' id='word_1_116' title='bbox 391 1907 586 1965; x_wconf 89' lang='lat' dir='ltr'>communicet</span> <span class='ocrx_word' id='word_1_117' title='bbox 612 1925 677 1977; x_wconf 79' lang='lat' dir='ltr'>quae</span> <span class='ocrx_word' id='word_1_118' title='bbox 704 1906 765 1964; x_wconf 87' lang='lat' dir='ltr'>aliis</span> <span class='ocrx_word' id='word_1_119' title='bbox 793 1903 912 1963; x_wconf 88' lang='lat' dir='ltr'>dicenda</span> <span class='ocrx_word' id='word_1_120' title='bbox 939 1904 1024 1972; x_wconf 87' lang='lat' dir='ltr'>velit;</span> <span class='ocrx_word' id='word_1_121' title='bbox 1052 1905 1098 1962; x_wconf 89' lang='lat' dir='ltr'>vel</span> <span class='ocrx_word' id='word_1_122' title='bbox 1124 1905 1223 1963; x_wconf 89' lang='lat' dir='ltr'>saltem</span> <span class='ocrx_word' id='word_1_123' title='bbox 1251 1906 1343 1982; x_wconf 87' lang='lat' dir='ltr'>ipsam</span> 
     </span>
     <span class='ocr_line' id='line_1_15' title="bbox 252 2003 1341 2083; baseline -0.001 -20"><span class='ocrx_word' id='word_1_124' title='bbox 252 2006 394 2066; x_wconf 84' lang='lat' dir='ltr'>licentiam</span> <span class='ocrx_word' id='word_1_125' title='bbox 408 2017 488 2064; x_wconf 86' lang='lat' dir='ltr'>extra</span> <span class='ocrx_word' id='word_1_126' title='bbox 495 2004 565 2064; x_wconf 89' lang='lat' dir='ltr'>illud</span> <span class='ocrx_word' id='word_1_127' title='bbox 573 2005 722 2073; x_wconf 89' lang='lat' dir='ltr'>concedat,</span> <span class='ocrx_word' id='word_1_128' title='bbox 737 2005 808 2063; x_wconf 89' lang='lat' dir='ltr'>adeo</span> <span class='ocrx_word' id='word_1_129' title='bbox 817 2014 848 2062; x_wconf 90' lang='lat' dir='ltr'>ut</span> <span class='ocrx_word' id='word_1_130' title='bbox 857 2005 886 2062; x_wconf 92' lang='lat' dir='ltr'>in</span> <span class='ocrx_word' id='word_1_131' title='bbox 896 2005 1082 2076; x_wconf 74' lang='lat' dir='ltr'>questionem</span> <span class='ocrx_word' id='word_1_132' title='bbox 1097 2005 1191 2061; x_wconf 90' lang='lat' dir='ltr'>vocari</span> <span class='ocrx_word' id='word_1_133' title='bbox 1202 2003 1341 2083; x_wconf 88' lang='lat' dir='ltr'>deinceps</span> 
     </span>
     <span class='ocr_line' id='line_1_16' title="bbox 253 2103 1343 2182; baseline -0.001 -18"><span class='ocrx_word' id='word_1_134' title='bbox 253 2125 310 2165; x_wconf 91' lang='lat' dir='ltr'>non</span> <span class='ocrx_word' id='word_1_135' title='bbox 334 2107 442 2182; x_wconf 89' lang='lat' dir='ltr'>possit:</span> <span class='ocrx_word' id='word_1_136' title='bbox 470 2113 581 2182; x_wconf 82' lang='lat' dir='ltr'>oportet</span> <span class='ocrx_word' id='word_1_137' title='bbox 597 2107 675 2164; x_wconf 88' lang='lat' dir='ltr'>enim</span> <span class='ocrx_word' id='word_1_138' title='bbox 698 2123 814 2163; x_wconf 90' lang='lat' dir='ltr'>omnem</span> <span class='ocrx_word' id='word_1_139' title='bbox 834 2104 1028 2180; x_wconf 90' lang='lat' dir='ltr'>suspicionem</span> <span class='ocrx_word' id='word_1_140' title='bbox 1050 2104 1130 2161; x_wconf 84' lang='lat' dir='ltr'>fracti</span> <span class='ocrx_word' id='word_1_141' title='bbox 1150 2103 1237 2180; x_wconf 85' lang='lat' dir='ltr'>sigilli</span> <span class='ocrx_word' id='word_1_142' title='bbox 1258 2105 1343 2182; x_wconf 89' lang='lat' dir='ltr'>longe</span> 
     </span>
     <span class='ocr_line' id='line_1_17' title="bbox 255 2203 1344 2280; baseline -0.002 -17"><span class='ocrx_word' id='word_1_143' title='bbox 255 2206 370 2263; x_wconf 88' lang='lat' dir='ltr'>abesse:</span> <span class='ocrx_word' id='word_1_144' title='bbox 393 2205 517 2262; x_wconf 88' lang='lat' dir='ltr'>“Debet</span> <span class='ocrx_word' id='word_1_145' title='bbox 530 2223 629 2262; x_wconf 88' lang='lat' dir='ltr'>cavere</span> <span class='ocrx_word' id='word_1_146' title='bbox 643 2204 807 2262; x_wconf 89' lang='lat' dir='ltr'>scandalum</span> <span class='ocrx_word' id='word_1_147' title='bbox 818 2203 950 2272; x_wconf 89' lang='lat' dir='ltr'>diceudo,</span> <span class='ocrx_word' id='word_1_148' title='bbox 962 2223 997 2260; x_wconf 91' lang='lat' dir='ltr'>ne</span> <span class='ocrx_word' id='word_1_149' title='bbox 1008 2203 1111 2262; x_wconf 89' lang='lat' dir='ltr'>fractor</span> <span class='ocrx_word' id='word_1_150' title='bbox 1118 2203 1204 2280; x_wconf 87' lang='lat' dir='ltr'>sigilli</span> <span class='ocrx_word' id='word_1_151' title='bbox 1218 2203 1344 2280; x_wconf 73' lang='lat' dir='ltr'>praedicti</span> 
     </span>
     <span class='ocr_line' id='line_1_18' title="bbox 254 2295 1344 2380; baseline 0 -20"><span class='ocrx_word' id='word_1_152' title='bbox 254 2295 447 2379; x_wconf 79' lang='lat' dir='ltr'>reputetur.”²</span> <span class='ocrx_word' id='word_1_153' title='bbox 487 2303 546 2360; x_wconf 88' lang='lat' dir='ltr'>Vix</span> <span class='ocrx_word' id='word_1_154' title='bbox 559 2321 686 2376; x_wconf 88' lang='lat' dir='ltr'>unquam</span> <span class='ocrx_word' id='word_1_155' title='bbox 700 2301 818 2380; x_wconf 86' lang='lat' dir='ltr'>expedit</span> <span class='ocrx_word' id='word_1_156' title='bbox 830 2302 903 2360; x_wconf 90' lang='lat' dir='ltr'>hanc</span> <span class='ocrx_word' id='word_1_157' title='bbox 915 2303 1062 2361; x_wconf 84' lang='lat' dir='ltr'>licentiam</span> <span class='ocrx_word' id='word_1_158' title='bbox 1076 2303 1216 2379; x_wconf 85' lang='lat' dir='ltr'>accipere,</span> <span class='ocrx_word' id='word_1_159' title='bbox 1231 2303 1344 2374; x_wconf 93' lang='lat' dir='ltr'>quando</span> 
     </span>
     <span class='ocr_line' id='line_1_19' title="bbox 254 2400 1343 2479; baseline 0.002 -21"><span class='ocrx_word' id='word_1_160' title='bbox 254 2402 345 2476; x_wconf 88' lang='lat' dir='ltr'>ipsius</span> <span class='ocrx_word' id='word_1_161' title='bbox 364 2420 443 2467; x_wconf 90' lang='lat' dir='ltr'>usus,</span> <span class='ocrx_word' id='word_1_162' title='bbox 466 2403 620 2477; x_wconf 75' lang='lat' dir='ltr'>prasertim</span> <span class='ocrx_word' id='word_1_163' title='bbox 639 2402 713 2479; x_wconf 93' lang='lat' dir='ltr'>apud</span> <span class='ocrx_word' id='word_1_164' title='bbox 731 2403 830 2470; x_wconf 79' lang='lat' dir='ltr'>laicos,</span> <span class='ocrx_word' id='word_1_165' title='bbox 848 2401 927 2459; x_wconf 88' lang='lat' dir='ltr'>daret</span> <span class='ocrx_word' id='word_1_166' title='bbox 940 2401 1079 2469; x_wconf 88' lang='lat' dir='ltr'>notitiam,</span> <span class='ocrx_word' id='word_1_167' title='bbox 1091 2400 1136 2457; x_wconf 86' lang='lat' dir='ltr'>vel</span> <span class='ocrx_word' id='word_1_168' title='bbox 1149 2402 1343 2477; x_wconf 89' lang='lat' dir='ltr'>suspicionem</span> 
     </span>
     <span class='ocr_line' id='line_1_20' title="bbox 256 2498 1345 2577; baseline 0.001 -18"><span class='ocrx_word' id='word_1_169' title='bbox 256 2502 374 2577; x_wconf 89' lang='lat' dir='ltr'>peccati,</span> <span class='ocrx_word' id='word_1_170' title='bbox 390 2498 459 2559; x_wconf 72' lang='lat' dir='ltr'>alias</span> <span class='ocrx_word' id='word_1_171' title='bbox 474 2520 531 2559; x_wconf 88' lang='lat' dir='ltr'>non</span> <span class='ocrx_word' id='word_1_172' title='bbox 540 2501 764 2576; x_wconf 83' lang='lat' dir='ltr'>innotescentis:</span> <span class='ocrx_word' id='word_1_173' title='bbox 787 2519 824 2559; x_wconf 84' lang='lat' dir='ltr'>v:</span> <span class='ocrx_word' id='word_1_174' title='bbox 846 2519 882 2577; x_wconf 86' lang='lat' dir='ltr'>g:</span> <span class='ocrx_word' id='word_1_175' title='bbox 898 2501 923 2558; x_wconf 91' lang='lat' dir='ltr'>si</span> <span class='ocrx_word' id='word_1_176' title='bbox 937 2501 1076 2560; x_wconf 85' lang='lat' dir='ltr'>restitutio</span> <span class='ocrx_word' id='word_1_177' title='bbox 1090 2499 1202 2557; x_wconf 89' lang='lat' dir='ltr'>cuidam</span> <span class='ocrx_word' id='word_1_178' title='bbox 1216 2500 1345 2560; x_wconf 86' lang='lat' dir='ltr'>facienda</span> 
     </span>
     <span class='ocr_line' id='line_1_21' title="bbox 255 2599 1343 2678; baseline 0.001 -20"><span class='ocrx_word' id='word_1_179' title='bbox 255 2619 306 2678; x_wconf 87' lang='lat' dir='ltr'>per</span> <span class='ocrx_word' id='word_1_180' title='bbox 318 2600 494 2660; x_wconf 84' lang='lat' dir='ltr'>sacerdotem</span> <span class='ocrx_word' id='word_1_181' title='bbox 509 2600 670 2659; x_wconf 88' lang='lat' dir='ltr'>haeredibus</span> <span class='ocrx_word' id='word_1_182' title='bbox 687 2602 896 2678; x_wconf 85' lang='lat' dir='ltr'>injungeretur:</span> <span class='ocrx_word' id='word_1_183' title='bbox 919 2602 985 2674; x_wconf 90' lang='lat' dir='ltr'>quia</span> <span class='ocrx_word' id='word_1_184' title='bbox 1004 2600 1100 2664; x_wconf 87' lang='lat' dir='ltr'>violati</span> <span class='ocrx_word' id='word_1_185' title='bbox 1118 2599 1205 2677; x_wconf 87' lang='lat' dir='ltr'>sigilli</span> <span class='ocrx_word' id='word_1_186' title='bbox 1217 2601 1343 2676; x_wconf 87' lang='lat' dir='ltr'>speciem</span> 
     </span>
     <span class='ocr_line' id='line_1_22' title="bbox 253 2699 1341 2773; baseline 0 -15"><span class='ocrx_word' id='word_1_187' title='bbox 253 2701 346 2758; x_wconf 89' lang='lat' dir='ltr'>habet.</span> <span class='ocrx_word' id='word_1_188' title='bbox 368 2701 401 2759; x_wconf 84' lang='lat' dir='ltr'>Si</span> <span class='ocrx_word' id='word_1_189' title='bbox 410 2711 503 2758; x_wconf 84' lang='lat' dir='ltr'>autem</span> <span class='ocrx_word' id='word_1_190' title='bbox 512 2699 709 2768; x_wconf 89' lang='lat' dir='ltr'>moribundus,</span> <span class='ocrx_word' id='word_1_191' title='bbox 720 2700 801 2773; x_wconf 92' lang='lat' dir='ltr'>loqui</span> <span class='ocrx_word' id='word_1_192' title='bbox 811 2700 864 2756; x_wconf 86' lang='lat' dir='ltr'>alta</span> <span class='ocrx_word' id='word_1_193' title='bbox 874 2719 945 2759; x_wconf 87' lang='lat' dir='ltr'>voce</span> <span class='ocrx_word' id='word_1_194' title='bbox 954 2719 1013 2760; x_wconf 91' lang='lat' dir='ltr'>nou</span> <span class='ocrx_word' id='word_1_195' title='bbox 1023 2700 1130 2768; x_wconf 88' lang='lat' dir='ltr'>valens,</span> <span class='ocrx_word' id='word_1_196' title='bbox 1141 2699 1341 2759; x_wconf 90' lang='lat' dir='ltr'>detlioeutiam</span> 
     </span>
     <span class='ocr_line' id='line_1_23' title="bbox 253 2799 1342 2878; baseline 0 -21"><span class='ocrx_word' id='word_1_197' title='bbox 253 2799 393 2859; x_wconf 86' lang='lat' dir='ltr'>sacerdoti</span> <span class='ocrx_word' id='word_1_198' title='bbox 401 2819 432 2858; x_wconf 90' lang='lat' dir='ltr'>se</span> <span class='ocrx_word' id='word_1_199' title='bbox 443 2819 538 2858; x_wconf 87' lang='lat' dir='ltr'>coram</span> <span class='ocrx_word' id='word_1_200' title='bbox 553 2799 755 2860; x_wconf 84' lang='lat' dir='ltr'>manifestandi</span> <span class='ocrx_word' id='word_1_201' title='bbox 765 2818 850 2872; x_wconf 90' lang='lat' dir='ltr'>quarn</span> <span class='ocrx_word' id='word_1_202' title='bbox 861 2800 955 2859; x_wconf 87' lang='lat' dir='ltr'>doleat</span> <span class='ocrx_word' id='word_1_203' title='bbox 965 2799 1000 2858; x_wconf 91' lang='lat' dir='ltr'>de</span> <span class='ocrx_word' id='word_1_204' title='bbox 1013 2801 1076 2857; x_wconf 82' lang='lat' dir='ltr'>vitae</span> <span class='ocrx_word' id='word_1_205' title='bbox 1085 2818 1178 2875; x_wconf 71' lang='lat' dir='ltr'>prava</span> <span class='ocrx_word' id='word_1_206' title='bbox 1189 2801 1342 2878; x_wconf 85' lang='lat' dir='ltr'>exemplis,</span> 
     </span>
     <span class='ocr_line' id='line_1_24' title="bbox 253 2897 1343 2976; baseline 0.003 -19"><span class='ocrx_word' id='word_1_207' title='bbox 253 2899 293 2957; x_wconf 89' lang='lat' dir='ltr'>nil</span> <span class='ocrx_word' id='word_1_208' title='bbox 314 2908 390 2956; x_wconf 88' lang='lat' dir='ltr'>vetat</span> <span class='ocrx_word' id='word_1_209' title='bbox 408 2909 440 2956; x_wconf 92' lang='lat' dir='ltr'>ut</span> <span class='ocrx_word' id='word_1_210' title='bbox 458 2900 552 2957; x_wconf 86' lang='lat' dir='ltr'>verbis</span> <span class='ocrx_word' id='word_1_211' title='bbox 574 2900 753 2976; x_wconf 88' lang='lat' dir='ltr'>generalibus</span> <span class='ocrx_word' id='word_1_212' title='bbox 774 2897 843 2956; x_wconf 91' lang='lat' dir='ltr'>illud</span> <span class='ocrx_word' id='word_1_213' title='bbox 862 2901 1003 2967; x_wconf 80' lang='lat' dir='ltr'>enrrntiet3</span> <span class='ocrx_word' id='word_1_214' title='bbox 1026 2901 1156 2971; x_wconf 88' lang='lat' dir='ltr'>quamvis</span> <span class='ocrx_word' id='word_1_215' title='bbox 1176 2899 1343 2975; x_wconf 89' lang='lat' dir='ltr'>plerumque</span> 
     </span>
     <span class='ocr_line' id='line_1_25' title="bbox 252 2996 1343 3075; baseline 0.004 -21"><span class='ocrx_word' id='word_1_216' title='bbox 252 2997 386 3075; x_wconf 86' lang='lat' dir='ltr'>expediat</span> <span class='ocrx_word' id='word_1_217' title='bbox 399 2996 519 3055; x_wconf 90' lang='lat' dir='ltr'>dolentis</span> <span class='ocrx_word' id='word_1_218' title='bbox 534 2999 623 3058; x_wconf 90' lang='lat' dir='ltr'>animi</span> <span class='ocrx_word' id='word_1_219' title='bbox 637 2998 752 3066; x_wconf 89' lang='lat' dir='ltr'>indicia,</span> <span class='ocrx_word' id='word_1_220' title='bbox 768 3016 830 3070; x_wconf 87' lang='lat' dir='ltr'>quae</span> <span class='ocrx_word' id='word_1_221' title='bbox 845 2997 908 3073; x_wconf 89' lang='lat' dir='ltr'>ipse</span> <span class='ocrx_word' id='word_1_222' title='bbox 920 2997 1106 3058; x_wconf 88' lang='lat' dir='ltr'>moribundus</span> <span class='ocrx_word' id='word_1_223' title='bbox 1120 2998 1245 3073; x_wconf 80' lang='lat' dir='ltr'>praebere</span> <span class='ocrx_word' id='word_1_224' title='bbox 1259 3000 1343 3068; x_wconf 89' lang='lat' dir='ltr'>valet,</span> 
     </span>
     <span class='ocr_line' id='line_1_26' title="bbox 253 3094 1344 3174; baseline 0.001 -20"><span class='ocrx_word' id='word_1_225' title='bbox 253 3098 322 3156; x_wconf 90' lang='lat' dir='ltr'>satis</span> <span class='ocrx_word' id='word_1_226' title='bbox 337 3096 449 3154; x_wconf 87' lang='lat' dir='ltr'>habere.</span> <span class='ocrx_word' id='word_1_227' title='bbox 491 3097 524 3154; x_wconf 83' lang='lat' dir='ltr'>Si</span> <span class='ocrx_word' id='word_1_228' title='bbox 538 3098 679 3174; x_wconf 90' lang='lat' dir='ltr'>poenitens</span> <span class='ocrx_word' id='word_1_229' title='bbox 691 3116 757 3156; x_wconf 91' lang='lat' dir='ltr'>curn</span> <span class='ocrx_word' id='word_1_230' title='bbox 770 3096 945 3155; x_wconf 84' lang='lat' dir='ltr'>confessario</span> <span class='ocrx_word' id='word_1_231' title='bbox 955 3105 1035 3154; x_wconf 82' lang='lat' dir='ltr'>extra</span> <span class='ocrx_word' id='word_1_232' title='bbox 1046 3095 1167 3154; x_wconf 90' lang='lat' dir='ltr'>tribunal</span> <span class='ocrx_word' id='word_1_233' title='bbox 1176 3094 1211 3152; x_wconf 92' lang='lat' dir='ltr'>de</span> <span class='ocrx_word' id='word_1_234' title='bbox 1220 3100 1344 3172; x_wconf 89' lang='lat' dir='ltr'>peccatis</span> 
     </span>
     <span class='ocr_line' id='line_1_27' title="bbox 253 3194 1344 3270; baseline 0 -16"><span class='ocrx_word' id='word_1_235' title='bbox 253 3215 317 3269; x_wconf 76' lang='lat' dir='ltr'>que</span> <span class='ocrx_word' id='word_1_236' title='bbox 337 3194 487 3254; x_wconf 89' lang='lat' dir='ltr'>consessus</span> <span class='ocrx_word' id='word_1_237' title='bbox 508 3205 551 3254; x_wconf 91' lang='lat' dir='ltr'>est</span> <span class='ocrx_word' id='word_1_238' title='bbox 570 3197 658 3255; x_wconf 83' lang='lat' dir='ltr'>libere</span> <span class='ocrx_word' id='word_1_239' title='bbox 683 3197 824 3270; x_wconf 88' lang='lat' dir='ltr'>loquatur,</span> <span class='ocrx_word' id='word_1_240' title='bbox 845 3196 959 3256; x_wconf 89' lang='lat' dir='ltr'>consilii</span> <span class='ocrx_word' id='word_1_241' title='bbox 975 3214 1080 3262; x_wconf 78' lang='lat' dir='ltr'>causa,</span> <span class='ocrx_word' id='word_1_242' title='bbox 1101 3195 1148 3253; x_wconf 87' lang='lat' dir='ltr'>vel</span> <span class='ocrx_word' id='word_1_243' title='bbox 1170 3195 1207 3252; x_wconf 96' lang='lat' dir='ltr'>ob</span> <span class='ocrx_word' id='word_1_244' title='bbox 1233 3213 1344 3269; x_wconf 79' lang='lat' dir='ltr'>requam</span> 
     </span>
     <span class='ocr_line' id='line_1_28' title="bbox 253 3294 1344 3374; baseline 0 -20"><span class='ocrx_word' id='word_1_245' title='bbox 253 3296 377 3368; x_wconf 88' lang='lat' dir='ltr'>aliquam</span> <span class='ocrx_word' id='word_1_246' title='bbox 397 3296 535 3353; x_wconf 89' lang='lat' dir='ltr'>rationem</span> <span class='ocrx_word' id='word_1_247' title='bbox 548 3294 692 3355; x_wconf 88' lang='lat' dir='ltr'>licentiam</span> <span class='ocrx_word' id='word_1_248' title='bbox 707 3297 791 3374; x_wconf 90' lang='lat' dir='ltr'>plane</span> <span class='ocrx_word' id='word_1_249' title='bbox 812 3295 859 3353; x_wconf 90' lang='lat' dir='ltr'>dat</span> <span class='ocrx_word' id='word_1_250' title='bbox 877 3294 975 3354; x_wconf 90' lang='lat' dir='ltr'>utendi</span> <span class='ocrx_word' id='word_1_251' title='bbox 995 3295 1094 3353; x_wconf 88' lang='lat' dir='ltr'>notitia</span> <span class='ocrx_word' id='word_1_252' title='bbox 1113 3295 1143 3353; x_wconf 92' lang='lat' dir='ltr'>in</span> <span class='ocrx_word' id='word_1_253' title='bbox 1163 3294 1344 3354; x_wconf 87' lang='lat' dir='ltr'>confessione</span> 
     </span>
     <span class='ocr_line' id='line_1_29' title="bbox 253 3393 1345 3472; baseline 0.002 -20"><span class='ocrx_word' id='word_1_254' title='bbox 253 3395 399 3468; x_wconf 85' lang='lat' dir='ltr'>aequisita,</span> <span class='ocrx_word' id='word_1_255' title='bbox 417 3403 556 3467; x_wconf 88' lang='lat' dir='ltr'>quatenus</span> <span class='ocrx_word' id='word_1_256' title='bbox 570 3414 643 3471; x_wconf 90' lang='lat' dir='ltr'>opus</span> <span class='ocrx_word' id='word_1_257' title='bbox 664 3398 702 3454; x_wconf 89' lang='lat' dir='ltr'>sit</span> <span class='ocrx_word' id='word_1_258' title='bbox 714 3395 749 3454; x_wconf 88' lang='lat' dir='ltr'>ad</span> <span class='ocrx_word' id='word_1_259' title='bbox 765 3414 832 3453; x_wconf 91' lang='lat' dir='ltr'>eum</span> <span class='ocrx_word' id='word_1_260' title='bbox 853 3394 1048 3472; x_wconf 66' lang='lat' dir='ltr'>dirigendum</span> <span class='ocrx_word' id='word_1_261' title='bbox 1070 3393 1122 3452; x_wconf 90' lang='lat' dir='ltr'>sed</span> <span class='ocrx_word' id='word_1_262' title='bbox 1135 3394 1292 3454; x_wconf 86' lang='lat' dir='ltr'>cavendum</span> <span class='ocrx_word' id='word_1_263' title='bbox 1307 3415 1345 3454; x_wconf 89' lang='lat' dir='ltr'>ne</span> 
     </span>
     <span class='ocr_line' id='line_1_30' title="bbox 255 3493 1344 3572; baseline 0.001 -19"><span class='ocrx_word' id='word_1_264' title='bbox 255 3495 326 3553; x_wconf 86' lang='lat' dir='ltr'>ultra</span> <span class='ocrx_word' id='word_1_265' title='bbox 345 3493 543 3572; x_wconf 86' lang='lat' dir='ltr'>progrediatur</span> <span class='ocrx_word' id='word_1_266' title='bbox 561 3495 764 3562; x_wconf 87' lang='lat' dir='ltr'>confessarius,</span> <span class='ocrx_word' id='word_1_267' title='bbox 778 3496 825 3552; x_wconf 88' lang='lat' dir='ltr'>vel</span> <span class='ocrx_word' id='word_1_268' title='bbox 838 3514 874 3552; x_wconf 92' lang='lat' dir='ltr'>ne</span> <span class='ocrx_word' id='word_1_269' title='bbox 887 3513 933 3552; x_wconf 85' lang='lat' dir='ltr'>res</span> <span class='ocrx_word' id='word_1_270' title='bbox 953 3507 1034 3552; x_wconf 83' lang='lat' dir='ltr'>extra</span> <span class='ocrx_word' id='word_1_271' title='bbox 1054 3493 1180 3572; x_wconf 89' lang='lat' dir='ltr'>sigillum</span> <span class='ocrx_word' id='word_1_272' title='bbox 1195 3495 1264 3571; x_wconf 92' lang='lat' dir='ltr'>poni</span> <span class='ocrx_word' id='word_1_273' title='bbox 1278 3493 1344 3555; x_wconf 88' lang='lat' dir='ltr'>ideo</span> 
     </span>
     <span class='ocr_line' id='line_1_31' title="bbox 255 3593 1344 3674; baseline 0.002 -22"><span class='ocrx_word' id='word_1_274' title='bbox 255 3595 408 3664; x_wconf 85' lang='lat' dir='ltr'>existimet,</span> <span class='ocrx_word' id='word_1_275' title='bbox 423 3593 493 3652; x_wconf 89' lang='lat' dir='ltr'>adeo</span> <span class='ocrx_word' id='word_1_276' title='bbox 507 3604 538 3652; x_wconf 90' lang='lat' dir='ltr'>ut</span> <span class='ocrx_word' id='word_1_277' title='bbox 550 3614 616 3652; x_wconf 92' lang='lat' dir='ltr'>cum</span> <span class='ocrx_word' id='word_1_278' title='bbox 632 3595 705 3664; x_wconf 88' lang='lat' dir='ltr'>aliis,</span> <span class='ocrx_word' id='word_1_279' title='bbox 721 3595 765 3652; x_wconf 90' lang='lat' dir='ltr'>vel</span> <span class='ocrx_word' id='word_1_280' title='bbox 780 3614 845 3653; x_wconf 91' lang='lat' dir='ltr'>cum</span> <span class='ocrx_word' id='word_1_281' title='bbox 864 3597 928 3671; x_wconf 91' lang='lat' dir='ltr'>ipso</span> <span class='ocrx_word' id='word_1_282' title='bbox 943 3595 1095 3671; x_wconf 75' lang='lat' dir='ltr'>prenitente</span> <span class='ocrx_word' id='word_1_283' title='bbox 1109 3594 1143 3652; x_wconf 93' lang='lat' dir='ltr'>de</span> <span class='ocrx_word' id='word_1_284' title='bbox 1157 3595 1193 3653; x_wconf 90' lang='lat' dir='ltr'>iis</span> <span class='ocrx_word' id='word_1_285' title='bbox 1208 3594 1344 3674; x_wconf 86' lang='lat' dir='ltr'>deinceps</span> 
     </span>
     <span class='ocr_line' id='line_1_32' title="bbox 252 3693 1343 3772; baseline 0.004 -22"><span class='ocrx_word' id='word_1_286' title='bbox 252 3693 390 3766; x_wconf 90' lang='lat' dir='ltr'>loquatur,</span> <span class='ocrx_word' id='word_1_287' title='bbox 399 3714 464 3753; x_wconf 90' lang='lat' dir='ltr'>nam</span> <span class='ocrx_word' id='word_1_288' title='bbox 473 3695 592 3754; x_wconf 89' lang='lat' dir='ltr'>facultas</span> <span class='ocrx_word' id='word_1_289' title='bbox 602 3713 664 3766; x_wconf 87' lang='lat' dir='ltr'>quae</span> <span class='ocrx_word' id='word_1_290' title='bbox 672 3713 708 3753; x_wconf 82' lang='lat' dir='ltr'>ex</span> <span class='ocrx_word' id='word_1_291' title='bbox 716 3695 823 3752; x_wconf 89' lang='lat' dir='ltr'>ratione</span> <span class='ocrx_word' id='word_1_292' title='bbox 834 3695 936 3772; x_wconf 88' lang='lat' dir='ltr'>agendi</span> <span class='ocrx_word' id='word_1_293' title='bbox 944 3695 1095 3772; x_wconf 83' lang='lat' dir='ltr'>colligitur,</span> <span class='ocrx_word' id='word_1_294' title='bbox 1105 3704 1149 3753; x_wconf 90' lang='lat' dir='ltr'>est</span> <span class='ocrx_word' id='word_1_295' title='bbox 1157 3696 1343 3756; x_wconf 72' lang='lat' dir='ltr'>strictissima</span> 
     </span>
     <span class='ocr_line' id='line_1_33' title="bbox 253 3792 1344 3872; baseline 0.004 -24"><span class='ocrx_word' id='word_1_296' title='bbox 253 3795 499 3868; x_wconf 88' lang='lat' dir='ltr'>interpretationis,</span> <span class='ocrx_word' id='word_1_297' title='bbox 515 3813 604 3867; x_wconf 90' lang='lat' dir='ltr'>quum</span> <span class='ocrx_word' id='word_1_298' title='bbox 619 3802 717 3872; x_wconf 87' lang='lat' dir='ltr'>agatur</span> <span class='ocrx_word' id='word_1_299' title='bbox 729 3792 764 3852; x_wconf 90' lang='lat' dir='ltr'>de</span> <span class='ocrx_word' id='word_1_300' title='bbox 784 3813 815 3852; x_wconf 89' lang='lat' dir='ltr'>re</span> <span class='ocrx_word' id='word_1_301' title='bbox 835 3795 945 3863; x_wconf 89' lang='lat' dir='ltr'>odiosa,</span> <span class='ocrx_word' id='word_1_302' title='bbox 966 3814 1018 3854; x_wconf 90' lang='lat' dir='ltr'>usu</span> <span class='ocrx_word' id='word_1_303' title='bbox 1039 3796 1148 3854; x_wconf 90' lang='lat' dir='ltr'>scilicet</span> <span class='ocrx_word' id='word_1_304' title='bbox 1167 3797 1273 3855; x_wconf 75' lang='lat' dir='ltr'>notitia</span> <span class='ocrx_word' id='word_1_305' title='bbox 1293 3813 1344 3871; x_wconf 90' lang='lat' dir='ltr'>per</span> 
     </span>
     <span class='ocr_line' id='line_1_34' title="bbox 252 3891 589 3951; baseline 0.009 -3"><span class='ocrx_word' id='word_1_306' title='bbox 252 3891 463 3949; x_wconf 87' lang='lat' dir='ltr'>consessionem</span> <span class='ocrx_word' id='word_1_307' title='bbox 476 3893 589 3951; x_wconf 83' lang='lat' dir='ltr'>habitae.</span> 
     </span>
    </p>

    <p class='ocr_par' dir='ltr' id='par_1_4' title="bbox 251 3989 1344 4370">
     <span class='ocr_line' id='line_1_35' title="bbox 292 3989 1342 4070; baseline 0.001 -23"><span class='ocrx_word' id='word_1_308' title='bbox 292 3993 340 4047; x_wconf 85' lang='grc'>94.</span> <span class='ocrx_word' id='word_1_309' title='bbox 362 3989 408 4048; x_wconf 85' lang='lat' dir='ltr'>Ad</span> <span class='ocrx_word' id='word_1_310' title='bbox 422 3992 601 4052; x_wconf 86' lang='lat' dir='ltr'>avertendam</span> <span class='ocrx_word' id='word_1_311' title='bbox 613 3992 756 4070; x_wconf 88' lang='lat' dir='ltr'>publicam</span> <span class='ocrx_word' id='word_1_312' title='bbox 777 3994 976 4061; x_wconf 91' lang='lat' dir='ltr'>calamitatem,</span> <span class='ocrx_word' id='word_1_313' title='bbox 988 3992 1032 4050; x_wconf 87' lang='lat' dir='ltr'>vel</span> <span class='ocrx_word' id='word_1_314' title='bbox 1047 3993 1206 4051; x_wconf 88' lang='lat' dir='ltr'>innocentis</span> <span class='ocrx_word' id='word_1_315' title='bbox 1219 3992 1342 4057; x_wconf 89' lang='lat' dir='ltr'>ruinam,</span> 
     </span>
     <span class='ocr_line' id='line_1_36' title="bbox 251 4074 1342 4168; baseline 0.002 -22"><span class='ocrx_word' id='word_1_316' title='bbox 251 4088 317 4147; x_wconf 90' lang='lat' dir='ltr'>licet</span> <span class='ocrx_word' id='word_1_317' title='bbox 337 4089 419 4147; x_wconf 90' lang='lat' dir='ltr'>venia</span> <span class='ocrx_word' id='word_1_318' title='bbox 440 4091 610 4165; x_wconf 70' lang='lat' dir='ltr'>penitentis,</span> <span class='ocrx_word' id='word_1_319' title='bbox 625 4093 713 4150; x_wconf 89' lang='lat' dir='ltr'>libere</span> <span class='ocrx_word' id='word_1_320' title='bbox 734 4074 828 4150; x_wconf 85' lang='lat' dir='ltr'>tamen</span> <span class='ocrx_word' id='word_1_321' title='bbox 849 4103 878 4151; x_wconf 90' lang='lat' dir='ltr'>et</span> <span class='ocrx_word' id='word_1_322' title='bbox 891 4090 1043 4168; x_wconf 77' lang='lat' dir='ltr'>perspicuo</span> <span class='ocrx_word' id='word_1_323' title='bbox 1057 4091 1130 4158; x_wconf 90' lang='lat' dir='ltr'>data,</span> <span class='ocrx_word' id='word_1_324' title='bbox 1145 4087 1205 4157; x_wconf 88' lang='lat' dir='ltr'>uti;</span> <span class='ocrx_word' id='word_1_325' title='bbox 1227 4087 1303 4161; x_wconf 90' lang='lat' dir='ltr'>quod</span> <span class='ocrx_word' id='word_1_326' title='bbox 1317 4091 1342 4149; x_wconf 79' lang='lat' dir='ltr'>ai</span> 
     </span>
     <span class='ocr_line' id='line_1_37' title="bbox 252 4188 1344 4268; baseline 0 -22"><span class='ocrx_word' id='word_1_327' title='bbox 252 4189 413 4264; x_wconf 87' lang='lat' dir='ltr'>poenitentis</span> <span class='ocrx_word' id='word_1_328' title='bbox 434 4208 539 4248; x_wconf 89' lang='lat' dir='ltr'>nornen</span> <span class='ocrx_word' id='word_1_329' title='bbox 560 4191 679 4268; x_wconf 89' lang='lat' dir='ltr'>prodere</span> <span class='ocrx_word' id='word_1_330' title='bbox 702 4201 841 4267; x_wconf 90' lang='lat' dir='ltr'>oporteat,</span> <span class='ocrx_word' id='word_1_331' title='bbox 862 4191 906 4248; x_wconf 89' lang='lat' dir='ltr'>vel</span> <span class='ocrx_word' id='word_1_332' title='bbox 927 4192 1022 4262; x_wconf 87' lang='lat' dir='ltr'>aliqua</span> <span class='ocrx_word' id='word_1_333' title='bbox 1045 4208 1107 4262; x_wconf 78' lang='lat' dir='ltr'>qum</span> <span class='ocrx_word' id='word_1_334' title='bbox 1128 4188 1190 4264; x_wconf 78' lang='lat' dir='ltr'>ejus</span> <span class='ocrx_word' id='word_1_335' title='bbox 1215 4189 1344 4264; x_wconf 90' lang='lat' dir='ltr'>ingerant</span> 
     </span>
     <span class='ocr_line' id='line_1_38' title="bbox 251 4286 1342 4370; baseline 0.003 -25"><span class='ocrx_word' id='word_1_336' title='bbox 251 4290 455 4365; x_wconf 89' lang='lat' dir='ltr'>suspicionem,</span> <span class='ocrx_word' id='word_1_337' title='bbox 470 4309 629 4350; x_wconf 79' lang='lat' dir='ltr'>consensus</span> <span class='ocrx_word' id='word_1_338' title='bbox 646 4293 709 4370; x_wconf 87' lang='lat' dir='ltr'>ejus</span> <span class='ocrx_word' id='word_1_339' title='bbox 729 4292 848 4350; x_wconf 89' lang='lat' dir='ltr'>omnino</span> <span class='ocrx_word' id='word_1_340' title='bbox 862 4289 1008 4348; x_wconf 89' lang='lat' dir='ltr'>habendus</span> <span class='ocrx_word' id='word_1_341' title='bbox 1019 4297 1074 4346; x_wconf 86' lang='lat' dir='ltr'>est.</span> <span class='ocrx_word' id='word_1_342' title='bbox 1117 4286 1161 4345; x_wconf 81' lang='lat' dir='ltr'>Ad</span> <span class='ocrx_word' id='word_1_343' title='bbox 1182 4287 1342 4348; x_wconf 88' lang='lat' dir='ltr'>facultatem</span> 
     </span>
    </p>
   </div>
   <div class='ocr_carea' id='block_1_3' title="bbox 321 4507 1278 4577">
    <p class='ocr_par' dir='ltr' id='par_1_5' title="bbox 321 4507 1278 4577">
     <span class='ocr_line' id='line_1_39' title="bbox 321 4507 1278 4577; baseline 0.001 -21"><span class='ocrx_word' id='word_1_344' title='bbox 321 4512 363 4576; x_wconf 93' lang='lat' dir='ltr'>(l)</span> <span class='ocrx_word' id='word_1_345' title='bbox 384 4509 470 4575; x_wconf 85' lang='lat' dir='ltr'>Suppl.</span> <span class='ocrx_word' id='word_1_346' title='bbox 481 4511 514 4561; x_wconf 88' lang='lat' dir='ltr'>iii.</span> <span class='ocrx_word' id='word_1_347' title='bbox 525 4527 549 4575; x_wconf 89' lang='lat' dir='ltr'>p.</span> <span class='ocrx_word' id='word_1_348' title='bbox 561 4528 602 4576; x_wconf 87' lang='lat' dir='ltr'>qu.</span> <span class='ocrx_word' id='word_1_349' title='bbox 613 4512 646 4561; x_wconf 83' lang='lat' dir='ltr'>xi.</span> <span class='ocrx_word' id='word_1_350' title='bbox 658 4517 701 4561; x_wconf 85' lang='lat' dir='ltr'>nrt</span> <span class='ocrx_word' id='word_1_351' title='bbox 713 4511 737 4561; x_wconf 85' lang='lat' dir='ltr'>iv</span> <span class='ocrx_word' id='word_1_352' title='bbox 755 4545 761 4559; x_wconf 92' lang='lat'>.</span> <span class='ocrx_word' id='word_1_353' title='bbox 781 4509 855 4577; x_wconf 84' lang='lat' dir='ltr'>Resp.</span> <span class='ocrx_word' id='word_1_354' title='bbox 1117 4510 1159 4574; x_wconf 78' lang='lat'>(2)</span> <span class='ocrx_word' id='word_1_355' title='bbox 1178 4507 1278 4558; x_wconf 83' lang='lat' dir='ltr'>ibidem.</span> 
     </span>
    </p>
   </div>
   <div class='ocr_carea' id='block_1_4' title="bbox 0 0 1590 5172">
    <p class='ocr_par' dir='ltr' id='par_1_6' title="bbox 0 0 1590 5172">
     <span class='ocr_line' id='line_1_40' title="bbox 0 0 1590 5172; baseline 0 0"><span class='ocrx_word' id='word_1_356' title='bbox 0 0 1590 5172; x_wconf 95' lang='lat' dir='ltr'> </span> 
     </span>
    </p>
   </div>
  </div>
 </body>
</html>
