3144 5192
598 531 740 594 onPUT
760 531 943 593 UNIOUM.
1254 540 1313 596 265

226 702 295 773 quin
307 703 394 760 instar
413 698 541 760 miraculi
563 700 617 768 εἰη
638 699 727 758 virtus
750 700 858 777 quippe
878 698 1049 758 sacramenti
1070 706 1176 758 tantum
1200 699 1314 778 adjuvat

224 785 352 859 remedia
377 808 405 858 et
429 798 558 858 subsidia
581 807 613 856 ut
634 797 755 858 valeant.
804 790 972 858 “Extrema
998 796 1127 866 unctio,”
1153 799 1248 872 inquit
1277 799 1311 857 S.

226 899 367 969 Thomas,
383 909 403 936 “
415 918 471 958 ιιοιι
485 897 552 958 facit
569 899 747 976 corporalem
760 899 936 956 sanationem
949 915 987 955 ex
1007 898 1178 974 proprietate
1192 899 1314 956 naturali

226 999 360 1066 materias,
374 999 425 1057 sed
438 1015 475 1056 ex
487 999 589 1056 virtuts
602 997 699 1058 divina
718 1015 781 1071 quc
800 997 1001 1056 rationabiliter
1019 1005 1161 1073 operatur.
1194 997 1234 1056 Et
1247 998 1314 1071 quia

224 1094 294 1155 ratio
308 1117 429 1175 operans
440 1116 598 1171 numquam
608 1097 717 1156 inducit
729 1094 928 1156 secundarium
935 1094 1079 1164 effectum,
1090 1097 1147 1156 nisi
1156 1097 1313 1156 secundum

225 1196 303 1268 quod
316 1196 432 1274 expedit
450 1195 486 1255 ad
505 1196 710 1273 principalem:
725 1196 790 1254 ideo
803 1214 841 1254 ex
852 1196 908 1254 hoc
927 1203 1104 1254 sacramento
1124 1213 1182 1254 non
1200 1213 1314 1272 semper

224 1297 352 1369 sequitur
365 1295 521 1372 corporalis
540 1298 661 1362 sanatio,
675 1293 727 1352 sed
740 1293 854 1369 quando
866 1293 984 1371 expedit
995 1294 1031 1352 ad
1044 1293 1219 1370 spiritualem
1233 1313 1313 1352 sana·

225 1396 352 1454 tionem:
368 1392 1021 1471 ettuncscmpereaminducitdummcdoncn
1031 1393 1068 1450 sit
1078 1393 1314 1469 impedimentum

224 1513 262 1552 cx
275 1504 354 1570 parte
367 1487 581 1571 recipientis.”¹
608 1493 667 1560 Qui
681 1492 818 1552 differunt
832 1491 994 1551 unctionem
1008 1502 1142 1569 expetere
1155 1492 1190 1550 ad
1204 1493 1312 1552 exitum

223 1610 315 1665 usque
338 1594 412 1661 vitre,
434 1611 493 1652 non
513 1601 633 1669 possunt
657 1592 832 1650 sanationem
857 1591 913 1649 sibi
935 1591 1074 1668 polliceri,
1098 1610 1187 1665 quum
1207 1593 1313 1665 absque
1334 1632 1338 1642 ·

225 1690 362 1750 miraculo
375 1694 539 1770 contingere
552 1710 611 1751 non
624 1699 737 1768 posset:
760 1699 932 1767 quapropter
944 1699 1055 1766 oportet
1066 1693 1147 1769 ungi,
1155 1691 1223 1750 dum
1237 1691 1311 1763 quis,

224 1791 292 1849 licet
303 1792 424 1868 graviter
432 1799 558 1869 agrotet,
572 1791 664 1868 possit
677 1790 773 1848 animo
786 1791 960 1866 conjungere
973 1808 1005 1848 se
1017 1791 1145 1867 ungenti.

510 1992 536 2066 §.
551 1991 605 2050 IV.
647 1990 772 2057 Qnrnau
790 2007 930 2064 uacuum
949 2007 1028 2048 srnr.

264 2160 311 2215 17.
332 2155 532 2215 Administrari
544 2164 640 2234 potest
652 2156 750 2250 unctio
766 2165 894 2214 extrema
906 2155 1023 2216 cuilibet
1034 2155 1146 2214 homini
1161 2154 1313 2253 catholico

224 2255 324 2314 morbo
344 2255 524 2330 periclitanti,
538 2255 620 2332 cujus
640 2255 792 2314 voluntatis
811 2252 948 2313 indicium
968 2255 1123 2331 praecessit,
1137 2273 1195 2314 non
1218 2266 1314 2314 tamen

225 2353 251 2410 si
271 2354 302 2411 in
324 2355 474 2412 manifesto
501 2363 618 2429 peccato
642 2355 789 2414 moriatur.
833 2352 990 2426 Equidem,
1011 2371 1099 2426 quum
1125 2355 1162 2412 sit
1184 2355 1313 2412 vivorum

224 2462 442 2523 sacramentum,
457 2453 506 2526 qni
526 2454 571 2512 sui
583 2471 710 2528 compos·
724 2462 778 2520 est,
792 2451 878 2510 debet
897 2470 929 2510 se
949 2451 985 2510 ad
1004 2451 1074 2510 illud
1096 2452 1311 2530 suscipiendum

223 2569 332 2628 parare,
346 2561 555 2612 sacramentum
577 2553 743 2630 poenitentia
756 2551 834 2630 prius
848 2550 1029 2628 excipiendo,
1040 2549 1115 2624 quod
1136 2561 1230 2630 tamen
1250 2551 1313 2629 lege

223 2669 280 2710 non
293 2653 465 2730 precipitur,
480 2662 509 2710 et
521 2652 612 2710 omitti
626 2661 723 2730 potest
735 2651 842 2725 absque
855 2650 940 2728 culpa
952 2651 987 2709 ab
1001 2667 1035 2709 eo
1050 2652 1100 2725 qui
1113 2652 1312 2712 contritionem

222 2750 374 2826 perfectam
400 2753 495 2810 animo
522 2752 664 2829 concepit.
689 2749 891 2836 ¹Eucharistia
916 2751 1011 2817 etiam,
1039 2751 1128 2809 instar
1151 2751 1254 2818 viatici,
1275 2769 1312 2810 ex

222 2849 427 2908 consuetudine
441 2850 567 2927 generali
580 2849 720 2909 Ecclesia
741 2852 821 2928 prius
841 2848 1022 2928 suscipienda
1041 2860 1094 2918 est,
1104 2851 1189 2928 juxta
1208 2850 1311 2909 rituale

222 2946 405 3019 Romanum:
428 2947 549 3021 quodsi
571 2950 664 3007 obstet
683 2951 811 3027 corporis
831 2947 967 3017 conditio,
989 2949 1035 3007 vel
1055 2967 1149 3007 rerum
1169 2950 1311 3026 adjuncta,

223 3047 326 3121 poterit
350 3049 446 3104 unctio
472 3047 632 3124 praecedcre
660 3049 754 3107 viatici
778 3047 974 3123 susceptioni:
999 3045 1127 3105 sednon
1153 3058 1197 3104 est
1229 3048 1311 3106 facile

223 3143 412 3205 recedendum
433 3147 467 3203 ab
494 3145 593 3204 ordine
622 3143 794 3207 consueto:2
819 3147 950 3220 quamvis
982 3145 1089 3204 ordinis
1112 3145 1237 3203 inversio
1264 3147 1313 3204 vix

223 3244 343 3301 venialis
357 3245 492 3304 habeatur
501 3237 610 3323 culpa.³

263 3345 311 3400 18.
333 3344 401 3402 Mos
415 3353 510 3402 autern
518 3342 603 3402 dandi
616 3346 791 3413 unctionem,
803 3345 911 3403 omisso
922 3361 1038 3420 prorsus
1049 3343 1161 3412 viatico,
1171 3344 1313 3402 moribun-

223 3441 267 3499 dis
290 3444 339 3514 qui
352 3443 462 3502 hebetis
485 3452 553 3501 sunt
571 3444 689 3522 ingenii,
704 3454 734 3502 et
747 3445 822 3503 vitiis
843 3445 1038 3510 insenuerunt,
1054 3461 1085 3500 v:
1096 3461 1130 3519 g:
1152 3444 1313 3520 mancipiis,

220 3542 320 3614 nequit
332 3563 398 3602 cum
418 3542 560 3602 Ecclesiae
586 3543 803 3611 consuetudine,
818 3553 846 3600 et
865 3542 929 3620 lege
951 3540 1063 3601 Christi
1081 3541 1117 3599 de
1143 3542 1315 3602 eucharistia

220 3642 402 3719 suscipienda
415 3643 578 3702 conciliarit
592 3643 659 3702 ideo
671 3642 830 3702 instruendi
844 3652 919 3714 sunt,
930 3652 958 3700 et
972 3660 1029 3716 quo
1039 3641 1141 3701 melius
1150 3643 1210 3701 fieri
1223 3644 1315 3720 possit

219 3750 313 3817 pacto,
326 3742 512 3818 preparandh
526 3752 558 3800 ut
579 3751 698 3814 utroque
718 3751 895 3801 sacramento
914 3743 1087 3810 muniantur,
1101 3761 1137 3800 ne
1150 3732 1314 3801 necessario

220 3856 337 3914 prorsus
351 3841 454 3900 viatico
468 3850 590 3900 careant.
633 3840 723 3900 Recte
733 3842 908 3900 ministratur
921 3842 1006 3900 etiarn
1019 3841 1121 3899 adultis
1135 3843 1229 3899 statim
1248 3852 1313 3917 post

220 3936 403 4012 baptismum,
418 3940 510 4011 quiin
529 3940 609 3998 exitu
630 3941 696 3998 vitae
716 3941 802 4018 positi
823 3939 964 4008 videntur,
978 3940 1045 4013 quia
1063 3939 1224 4016 precipuus
1251 3939 1313 4014 ejus

221 4033 341 4092 effectus
365 4045 419 4102 est,
439 4047 470 4094 ut
494 4037 695 4098 moribundum
722 4040 750 4097 vi
770 4039 893 4112 quadam
918 4039 1029 4097 muniat
1053 4045 1150 4094 contra
1175 4035 1312 4094 daemonis

218 4134 387 4193 tentationes
401 4135 431 4192 in
456 4136 557 4195 ultimo
577 4131 759 4196 certamine.⁴
798 4138 979 4196 Ministratur
1001 4153 1039 4194 ox
1060 4133 1169 4192 ritualia
1188 4133 1313 4194 Romani

323 4295 366 4360 (1)
386 4292 473 4358 Suppl.
483 4293 517 4344 iii
528 4308 553 4358 p.
563 4310 605 4358 qu.
615 4311 676 4346 xxx.
687 4302 730 4346 art.
741 4295 767 4346 ii.
802 4295 877 4362 Καρ.

322 4380 366 4446 (2)
386 4378 480 4428 Bened.
489 4378 560 4428 XIV.
571 4379 601 4430 de
614 4395 668 4444 syn.
679 4382 696 4431 1.
708 4380 748 4431 vii.
759 4397 780 4432 c.
792 4381 862 4432 xxiii.

323 4464 367 4529 (3)
387 4463 414 4512 S.
425 4462 501 4527 Alph.
512 4463 529 4512 l.
540 4464 573 4514 vi.
582 4480 609 4513 ιι.
621 4467 713 4533 716...Ι
941 4462 984 4528 (4)
1003 4459 1103 4521 Ibidem,
1113 4477 1140 4511 n.
1153 4465 1211 4511 721.

257 4541 335 4600 Vct..
350 4541 488 4601 Ill-24
