3172 5172
497 583 517 602 -.
534 542 592 602 DE
614 539 838 602 SAORlFICll
860 539 1045 602 NATURA.
1296 545 1335 602 99

244 710 400 769 essentiam
424 719 582 786 reponunt:
604 709 656 768 sed
677 709 852 770 Bellarmino
876 721 906 767 ct
924 710 957 768 S.
981 708 1144 787 Alphonso,
1170 727 1235 768 cum
1261 708 1334 776 aliis,

245 809 353 885 placuit
372 809 605 869 communionem
626 809 781 870 sacerdotis
802 808 838 866 ad
857 809 990 868 sacrificii
1007 795 1162 868 essentiam
1174 809 1291 876 referre,
1304 816 1337 866 ut

248 907 400 967 destructio
419 910 457 968 sit
475 909 608 979 victimae,
630 910 780 986 speciebus
800 909 986 986 consumptis.
1028 907 1223 968 Consentiunt
1235 926 1335 968 omnes

246 1025 310 1065 eam
333 1007 368 1065 ad
389 1009 521 1068 sacrificii
542 1009 731 1086 integritatem
750 1009 910 1085 pertinere:
933 1016 1107 1085 quapropter
1115 1009 1199 1086 jubet
1210 1003 1336 1066 Rubrica

247 1105 392 1165 Missalis:
416 1109 479 1166 “Si
500 1109 633 1168 sacerdos
656 1110 778 1186 graviter
797 1109 964 1176 infirmetur,
983 1116 1031 1166 aut
1043 1109 1180 1167 moriatur
1192 1091 1340 1185 posficon·

246 1207 434 1265 secretionem
460 1209 588 1284 corporis
609 1216 726 1276 tantum,
753 1217 817 1265 ante
838 1207 1084 1266 consecrationem
1110 1207 1270 1284 sauguinis,
1291 1206 1338 1264 vel

246 1316 365 1377 utroque
379 1317 557 1374 consecrato,
572 1307 667 1366 Missa
689 1325 741 1384 per
762 1306 849 1364 alium
873 1306 1050 1365 sacerdotem
1065 1306 1211 1384 expleatur
1233 1305 1337 1364 abillo

246 1403 310 1462 1000
323 1405 372 1462 uu
386 1404 504 1463 ussrru’
1055 1386 1062 1394 '

285 1507 336 1561 73.
355 1504 382 1560 Α
393 1504 464 1562 solis
477 1504 673 1562 sacerdotibus
688 1502 799 1562 Christi
812 1504 928 1562 nomine
938 1504 1033 1562 Missa
1046 1503 1142 1562 offerri
1154 1513 1262 1581 potest3
1283 1504 1337 1562 sed

246 1599 408 1658 alidelibus
420 1604 556 1668 munibus
571 1602 784 1676 quodammodo
804 1601 932 1671 offertur,
956 1622 1022 1662 nam
1043 1620 1141 1662 eorum
1154 1605 1232 1662 vices
1246 1621 1338 1662 sacer-

249 1699 303 1758 dos
318 1701 400 1776 gerit.
443 1701 623 1768 Quibusdam
651 1702 811 1778 specialiter
831 1703 996 1778 applicatur,
1016 1702 1052 1760 iis
1074 1703 1231 1780 presertim
1245 1704 1294 1776 qui
1308 1702 1344 1762 id

248 1798 369 1858 subsidii
389 1801 444 1858 sibi
464 1810 603 1874 querunt.
645 1801 801 1859 Adstantes
822 1801 906 1859 etiam
933 1801 1094 1878 specialiter
1113 1821 1177 1861 eam
1203 1801 1337 1868 offerunt,

247 1898 380 1975 precibus
394 1910 422 1957 et
436 1911 531 1960 mente
545 1921 612 1960 cum
625 1899 772 1960 sacerdote
786 1900 941 1977 conjuncti.

285 2001 335 2057 rt.
359 1998 509 2059 “Certum
524 2009 568 2059 est
580 2019 667 2077 posse
680 1999 778 2058 offerri
792 1999 848 2058 hoc
858 1999 1030 2058 sacrificium
1044 2019 1096 2078 pro
1106 1999 1238 2058 omnibus
1249 1998 1339 2057 tideli-

248 2097 300 2155 bus
314 2099 465 2176 baptizatis
479 2101 563 2169 vivis,
587 2100 673 2158 ctiam
693 2098 859 2167 infantibus,
879 2098 925 2157 vel
947 2100 1158 2176 energumenis,
1181 2098 1226 2157 vel
1239 2117 1338 2176 pecca-

249 2197 355 2255 toribus
368 2217 427 2257 non
441 2199 706 2269 excommunicatis,
729 2198 820 2272 quoad
844 2198 967 2257 fructum
990 2208 1099 2259 tantum
1119 2199 1336 2276 impetrationis.

249 2295 308 2354 Pro
331 2300 580 2379 excommunicato
600 2297 715 2357 vitando
740 2309 835 2356 tamen
854 2298 932 2356 licite
958 2298 1090 2357 sacerdos
1117 2307 1209 2374 potest
1234 2298 1337 2356 offerre

250 2394 374 2453 Missam
388 2397 529 2471 privatim,
545 2407 683 2471 quatenus
697 2407 741 2456 est
753 2415 827 2474 opus
838 2396 985 2473 proprium
998 2415 1057 2453 suae
1071 2397 1185 2473 privatae
1196 2415 1337 2472 persone,

249 2512 308 2553 non
329 2504 422 2553 autem
444 2498 560 2556 nomine
581 2497 732 2566 Ecclesiae,
754 2497 801 2554 vel
820 2505 851 2553 ut
870 2496 1001 2553 minister
1014 2493 1135 2562 Christi,
1156 2513 1193 2553 ex
1206 2514 1232 2552 c.
1247 2495 1287 2553 Il.
1303 2494 1338 2553 dc

249 2599 324 2653 sent.
339 2589 542 2655 escamque*
582 2597 641 2657 Pro
658 2596 908 2655 excommunicato
922 2594 1039 2654 tolerato
1052 2595 1227 2672 probabilius
1242 2604 1339 2655 censet

248 2694 279 2751 S.
301 2694 468 2772 Alphonsus
486 2697 578 2756 'licere
592 2715 673 2755 orare
695 2705 723 2754 et
742 2696 855 2764 offerre,
877 2697 943 2768 quia
961 2695 1081 2754 indulsit
1092 2696 1245 2755 concilium
1259 2693 1339 2756 Gon·

248 2795 402 2852 stantiense
422 2805 454 2852 ut
465 2815 531 2855 cum
544 2797 579 2854 iis
593 2796 814 2864 communicare,
837 2797 922 2854 etiam
942 2795 972 2854 in
995 2794 1110 2864 divinis,
1129 2797 1237 2856 liceret.
1279 2797 1338 2856 Pro

248 2892 410 2951 infidelibus
430 2895 502 2970 ipsis
525 2895 622 2953 offerri
640 2913 726 2970 posse
747 2894 918 2953 sacrificium
938 2903 1026 2970 putat,
1047 2904 1113 2972 post
1132 2897 1338 2955 Bellarminum

248 3001 276 3049 et
301 2992 462 3070 Lugonem,
490 2994 557 3066 quia
581 2995 624 3052 sic
645 2981 764 3052 Christo
790 3012 842 3071 pro
862 2994 995 3051 omnibus
1022 2993 1113 3050 oranti
1132 2993 1265 3053 sacerdos
1292 2994 1339 3052 ad·

248 3091 396 3150 similatur.
605 3077 611 3087 ’

287 3197 337 3250 75.
360 3193 418 3251 Pro
436 3191 653 3273 defunctisrite
677 3192 805 3259 offertur,
823 3193 906 3270 juxta
927 3189 1130 3268 Apostolorum
1151 3183 1338 3258 tradit10nem,

249 3289 343 3363 iisque
369 3290 444 3349 certh
465 3290 592 3368 prodest,
607 3311 742 3370 magnum
764 3292 872 3368 quippe
898 3291 1112 3349 estanimarum
1129 3291 1275 3367 juvamen,
1298 3292 1339 3349 uti

249 3389 508 3449 animadverterunt
527 3391 596 3450 olim
612 3392 644 3449 S.
660 3391 791 3468 Cyrillus
811 3401 839 3448 et
853 3391 885 3448 8.
901 3389 1147 3467 chrysostomus:
1169 3390 1219 3448 sed
1234 3408 1339 3463 quous·

248 3507 304 3562 que
317 3491 444 3568 singulas
461 3491 553 3568 juvet,
578 3492 652 3549 inter
664 3510 767 3556 arcana
779 3490 878 3549 divina
897 3499 949 3548 cst.
992 3489 1064 3557 Qua
1078 3488 1180 3547 dicitur
1193 3490 1287 3548 Missa
1300 3489 1336 3547 dc

251 3590 367 3658 sanctis,
382 3597 477 3667 potest
490 3591 520 3648 in
529 3590 726 3650 defunctorum
737 3591 885 3675 utilitatem
894 3590 1001 3659 offerri,
1012 3591 1075 3667 pari
1085 3590 1218 3650 ferocum
1229 3590 1338 3650 fructu:

249 3698 416 3766 “exparte
442 3690 576 3748 sacrificii
602 3690 689 3750 oblati
710 3691 805 3750 Missa
830 3690 975 3764 aequaliter
994 3689 1111 3768 prodest
1136 3689 1280 3762 defuncto,
1304 3691 1339 3752 de

250 3805 430 3861 quocumque
451 3789 576 3858 dicatum
598 3798 626 3848 et
643 3789 701 3848 hoc
720 3799 764 3848 est
784 3791 959 3868 precipuum
979 3790 1056 3864 quod
1069 3791 1101 3850 fit
1113 3792 1144 3848 in
1157 3791 1266 3850 Missa:
1288 3791 1341 3849 sed

250 3903 288 3943 ex
303 3894 380 3962 parte
394 3889 554 3948 orationum
568 3890 658 3967 magis
673 3890 791 3967 prodest
802 3890 860 3959 ills,
881 3891 911 3948 in
932 3909 989 3964 qua
1001 3899 1068 3948 sunt
1080 3890 1221 3948 orationes
1235 3888 1339 3947 adhoc

251 3982 453 4046 determinate.
503 3987 563 4046 Sed
588 3997 683 4048 tamen
708 3989 756 4048 hic
781 3989 907 4048 desectus
933 3987 1146 4065 recompensari
1171 3995 1265 4062 potest
1290 4005 1341 4062 per

249 4084 391 4162 majorem
405 4085 596 4157 devotionem,
617 4088 663 4147 vel
676 4088 738 4165 ejus
753 4090 802 4162 qui
816 4088 886 4147 dicit
899 4088 1032 4156 Missam,
1047 4088 1093 4145 vel
1113 4085 1175 4161 ejus
1195 4084 1245 4155 qui
1260 4084 1342 4160 jubet

250 4182 317 4253 dici,
332 4185 379 4243 vel
392 4186 494 4250 iterum
507 4208 559 4267 per
571 4188 806 4252 intercessionem
826 4189 917 4249 sancti
931 4190 1012 4266 cujus
1026 4182 1192 4260 suffragium
1205 4182 1235 4241 in
1250 4183 1342 4246 Missa

249 4279 468 4363 imploratur.”²

286 4507 533 4576 (1)L.vi.n.308.
773 4510 815 4577 (2)
835 4507 906 4573 iiip.
919 4505 1309 4584 Supplqudxsiurtlmadb.
