3124 5168
590 525 647 596 DE
668 523 960 586 BAPTIZANDIS.

673 1046 814 1108 CAPUT
834 1049 872 1106 V.

637 1263 677 1303 DE
699 1262 904 1304 amramis.

262 1424 312 1480 21.
334 1421 433 1488 Quum
447 1421 517 1480 alias
530 1421 747 1497 probaverimus
767 1421 888 1479 infantes
907 1419 1093 1496 baptizandos
1113 1439 1188 1490 asse,
1202 1433 1314 1500 oportet

218 1523 280 1598 jam
294 1520 441 1598 explicare
455 1537 541 1593 quam
555 1529 656 1596 urgeat
667 1520 708 1577 rei
720 1520 885 1578 necessitas.
927 1517 1074 1606 Equidem
1084 1519 1116 1578 S.
1127 1517 1276 1596 Cypriane
1285 1532 1313 1580 et

222 1619 426 1694 episcoporum
448 1617 570 1677 concilio
590 1619 685 1675 visum
708 1627 760 1687 est,
787 1636 845 1678 non
866 1637 930 1676 esse
950 1616 1160 1695 expectandum
1181 1629 1313 1680 octavum

223 1715 314 1784 diem,
328 1715 380 1774 sed
394 1717 477 1794 etiam
499 1717 600 1773 “iutra
620 1715 776 1775 secundum
797 1715 844 1776 vel
864 1719 976 1777 tertium
997 1717 1074 1776 diem
1097 1735 1154 1792 quo
1173 1720 1232 1776 nati
1247 1727 1313 1777 sunt

223 1808 442 1883 constitutos,”²
467 1815 513 1872 vel
545 1815 640 1874 statim
666 1835 682 1873 a
707 1817 850 1874 nativitate
875 1816 1013 1894 baptizari
1037 1833 1134 1892 posse.
1176 1815 1313 1874 Plurimis

224 1915 418 1973 sanctionibus
445 1914 614 1973 dioecesanis
640 1897 801 1993 injunctum
828 1925 880 1983 est,
903 1925 935 1973 ut
959 1915 1083 1973 infantes
1113 1913 1187 1972 intra
1211 1913 1314 1990 viginti

224 2022 345 2086 quatuor
357 2013 442 2072 horas
456 2035 473 2072 a
485 2015 629 2072 nativitate
641 2013 806 2091 baptizandi
820 2013 856 2072 ad
868 2013 1018 2072 eeclesiam
1031 2012 1225 2080 deferrentur3
1252 2011 1313 2070 aliis

223 2113 296 2170 intra
308 2111 442 2172 triduum.
483 2112 517 2171 ln
538 2112 686 2189 plerisque
707 2113 851 2172 foederatis
873 2113 999 2171 Statibus
1019 2130 1139 2190 magnus
1159 2111 1213 2170 hac
1233 2112 1264 2170 iu
1283 2129 1314 2169 re
1398 2099 1401 2106 ’

223 2211 370 2288 neglectus
383 2211 538 2286 repetitum
552 2219 620 2269 sunt
629 2213 706 2269 enim
721 2213 770 2283 qui
783 2205 879 2286 plures
893 2230 1008 2270 menses
1022 2211 1096 2270 elabi
1109 2211 1222 2278 sinunt3
1237 2219 1313 2269 ante·

225 2327 311 2382 quam
331 2307 362 2365 id
384 2308 510 2364 muneris
533 2307 677 2383 expleant.
720 2309 817 2365 Grave
839 2309 868 2365 in
888 2328 969 2366 mora
988 2318 1138 2384 peceatum
1157 2317 1317 2384 agnoscunt

224 2406 364 2482 theologi,
386 2405 498 2476 quoties
525 2402 681 2462 sacerdotis
706 2414 750 2460 est
774 2405 867 2479 copia,
888 2413 917 2460 et
941 2405 1034 2461 inians
1061 2405 1168 2475 absque
1188 2405 1316 2480 periculo

223 2512 320 2584 potest
332 2502 447 2563 deferri.
490 2501 635 2561 Caeterurn
654 2500 759 2560 hiemis
784 2502 874 2579 frigus
887 2502 1019 2570 nimium,
1033 2501 1141 2559 itineris
1153 2500 1313 2580 longitudo,

224 2605 312 2682 patris
326 2602 477 2662 acatholici
490 2601 627 2660 contraria
640 2601 781 2670 voluntas,
792 2601 911 2675 aliaque
925 2601 1121 2659 excusationes
1132 2619 1208 2678 saepe
1218 2619 1315 2660 occur·

224 2713 305 2762 runt:
327 2701 379 2760 sed
402 2710 546 2779 pastorum
570 2700 721 2760 solicitudo
744 2701 774 2759 in
797 2719 832 2783 eo
855 2699 1016 2760 adhibenda
1035 2709 1080 2759 est
1092 2709 1123 2758 ut
1134 2709 1314 2778 quantocyus

226 2801 395 2860 deferantur.
437 2799 673 2877 SaneEugenius
684 2801 800 2877 Papain
814 2799 938 2860 Decreto
953 2819 1004 2877 pro
1016 2800 1167 2869 Jacobitis,
1181 2799 1316 2860 admonet

227 2909 247 2938 “
258 2918 316 2959 non
330 2916 393 2956 csse
407 2916 458 2975 per
476 2898 661 2976 quadraginta
680 2908 727 2956 aut
746 2901 907 2976 octuaginta
928 2899 1000 2967 dies,
1021 2917 1072 2957 seu
1094 2898 1170 2960 aliud
1189 2908 1314 2978 tempus,

220 3002 305 3076 juxta
318 2996 505 3070 quorumdam
525 2997 731 3057 observantiam
752 3014 863 3054 sacrum
878 2997 1019 3071 baptisma
1031 2985 1239 3063 differendum
1261 2994 1314 3054 sed

228 3096 438 3173 quamprimum
459 3095 610 3154 commode
637 3094 700 3152 fieri
726 3102 830 3171 potest,
856 3092 959 3151 debere
986 3092 1126 3160 conferri3
1160 3093 1200 3150 ita
1222 3102 1317 3152 tamen

226 3195 312 3269 quod,
321 3196 421 3254 mortis
434 3195 602 3253 imminente
611 3193 750 3270 periculo,
765 3192 905 3251 moxsine
914 3191 972 3249 ulla
983 3190 1316 3268 dilationebaptizeutur,

226 3297 311 3354 etiam
324 3312 375 3372 per
387 3285 543 3352 laicum.”²
581 3292 716 3365 Plerique
738 3292 866 3369 theologi
886 3291 986 3350 decem
1000 3290 1050 3349 vel'
1059 3288 1192 3350 undecim
1206 3287 1316 3350 dierum

228 3413 335 3453 moram
349 3411 467 3470 gravem
481 3383 611 3448 habent.³

266 3499 316 3551 22.
337 3492 452 3560 Utrum,
467 3488 503 3549 ad
515 3487 719 3567 baptizandum
732 3488 879 3557 infantem,
893 3489 997 3547 incisio
1017 3506 1102 3562 quam
1124 3485 1222 3545 dicunt
1233 3506 1318 3545 caesa·

228 3610 305 3650 ream
319 3590 450 3650 facienda
470 3589 633 3649 necessario
655 3589 702 3657 sit,
723 3589 749 3646 si
768 3606 835 3665 spes
855 3586 933 3646 nulla
952 3587 989 3646 sit
1008 3587 1118 3666 prolem
1138 3587 1234 3647 vivam
1248 3587 1317 3646 alias

228 3689 378 3759 educendi,
399 3690 547 3763 inquirunt
568 3687 703 3765 theologi.
745 3686 885 3746 Audiatur
897 3687 929 3745 S.
944 3688 1131 3765 Alphonsus:
1154 3687 1244 3747 “Hic
1257 3706 1318 3746 om·

228 3791 298 3848 nino
321 3797 390 3866 puto
410 3787 661 3866 distinguendum
683 3805 750 3845 nam
771 3796 903 3865 respectu
924 3787 960 3847 ad
980 3787 1156 3866 chirurgum‚
1170 3786 1236 3846 dico
1250 3796 1318 3845 tunc

230 3905 295 3944 eum
310 3905 394 3963 posse
407 3887 533 3947 incidere
546 3898 675 3954 matrem,
690 3887 715 3945 si
738 3886 895 3963 perieulum
915 3888 1013 3945 mortis
1028 3887 1103 3945 illius
1117 3888 1154 3945 sit
1166 3896 1318 3949 remotum,

231 4003 315 4042 secus
329 3985 354 4042 ri
367 3987 541 4062 proximum,
556 3996 603 4045 aut
615 3984 777 4063 probabile:
800 3988 874 4044 sieut
893 3987 971 4044 enim
991 3986 1122 4045 illicitum
1136 3992 1179 4040 est
1190 3979 1320 4041 occidere

232 4094 363 4152 matrem,
372 4093 403 4142 ut
420 4103 489 4160 puer
501 4087 666 4164 baptizetur,
678 4094 709 4142 ut
721 4082 843 4143 vidimus
857 4102 923 4141 cum
937 4085 1083 4141 communi
1097 4101 1134 4138 ex
1144 4081 1183 4138 D.
1195 4077 1320 4145 Thoma,

230 4186 273 4242 sic
286 4183 371 4242 etiam
385 4183 522 4243 nonlicet
535 4198 653 4244 matrem
668 4184 807 4261 probabili
820 4181 948 4259 periculo
957 4181 1055 4238 mortis
1066 4194 1228 4254 exponere:
1244 4177 1318 4250 quod

268 4385 310 4450 (l)
330 4383 378 4450 llp
389 4384 432 4435 lix.
443 4385 474 4434 ad
486 4383 584 4445 Fidum,
593 4384 654 4434 aliae
664 4384 680 4432 l.
691 4382 726 4432 iii.
738 4397 776 4444 ep.
788 4379 838 4429 viii.
931 4377 974 4441 (2)
994 4375 1059 4426 luter
1070 4383 1123 4428 acta
1134 4375 1211 4430 conc.
1223 4377 1288 4430 Flos,

600 4469 643 4534 (a)
663 4467 689 4513 s.
703 4461 957 4528 ambivimus.
1036 4503 1040 4509 .

754 4545 801 4600 2*
