3172 5172
481 523 538 584 os
560 523 726 585 stornio
748 521 1067 584 consessionis
1261 486 1320 588 ico

230 691 343 750 civitate
363 691 409 750 vel
422 692 535 750 natione
549 693 598 750 vix
617 691 729 750 videtur
742 689 938 779 affirmandum
953 692 1089 750 immania
1109 692 1239 765 quaedam
1253 693 1321 753 saci·

231 810 302 850 nora
315 792 344 849 in
357 810 392 849 ea
404 793 519 867 patrari,
535 811 598 864 quae
607 792 668 849 sola
681 792 814 848 novimus
829 790 1024 866 poenitentium
1039 793 1238 851 accusatione:
1254 813 1321 854 nam

230 891 298 948 licet
311 892 340 950 in
361 891 483 962 aliquem
505 910 563 949 non
584 891 649 949 ideo
672 889 755 948 cadat
774 890 911 965 suspicio,
926 891 1002 948 cives
1016 901 1129 966 gravate
1147 893 1240 952 ferunt
1257 912 1321 971 pro-

231 991 311 1048 brum
323 999 429 1048 tantum
443 990 499 1048 illis
514 991 610 1068 objici,
621 990 702 1066 cujus
716 989 784 1046 alias
799 1008 856 1046 non
870 989 991 1048 fuissent
1003 990 1142 1049 infamati.

269 1094 318 1147 82.
340 1087 450 1147 Contra
461 1091 648 1148 reverentiam
663 1097 843 1147 sacramento
863 1087 985 1146 debitam
1004 1100 1103 1165 peccat
1116 1091 1165 1164 qui
1187 1091 1321 1151 derebus

230 1187 260 1246 iu
280 1188 463 1247 confessione
485 1188 587 1247 auditis
606 1189 731 1262 loquitur
753 1197 869 1257 temere,
883 1187 951 1245 licet
975 1189 1085 1247 nullum
1106 1191 1142 1247 sit
1161 1190 1322 1265 periculum

230 1289 393 1362 penitentis
406 1288 562 1365 prodendi:
584 1287 634 1346 scd
649 1287 838 1346 offensionem
852 1287 925 1364 parit
941 1285 1108 1364 hujusmodi
1131 1307 1236 1360 sermo,
1251 1309 1321 1368 proe·

231 1388 328 1446 sertim
343 1405 439 1446 coram
452 1388 684 1465 simplicioribus,
698 1386 820 1458 ideoque
835 1387 953 1446 omnino
967 1387 1098 1446 vitandus
1112 1399 1179 1446 est.-

271 1490 321 1544 8³.
340 1487 388 1545 Ne
411 1486 527 1560 quidem
541 1506 606 1545 cum
619 1470 774 1563 poenitente
788 1487 852 1562 ipso
867 1486 902 1544 de
915 1487 999 1543 rebus
1021 1487 1050 1544 iu
1070 1488 1252 1546 confessione
1271 1507 1321 1547 cx-

233 1585 334 1662 positis
345 1585 485 1644 ullatenus
497 1587 563 1643 licet
575 1586 665 1659 loqui,
674 1605 745 1659 quas
756 1595 869 1662 oportet
881 1586 1010 1661 ignorare
1018 1597 1097 1644 extra
1107 1587 1236 1645 tribunal:
1247 1600 1324 1648 esset

233 1684 310 1741 enim
325 1684 504 1761 exprobratio
517 1685 598 1742 valde
608 1686 714 1763 gravis.
748 1685 787 1744 At
800 1687 824 1742 si
833 1685 975 1760 poenitens
984 1686 1322 1760 ipsequaeratconsilium

233 1782 372 1842 derebus
398 1783 433 1841 ad
454 1785 555 1843 anirnae
575 1786 702 1862 regimen
724 1785 913 1850 attinentibus,
929 1794 957 1840 et
979 1783 1013 1841 de
1040 1786 1132 1861 culpis
1156 1788 1216 1844 suis
1236 1786 1323 1846 libere

232 1882 372 1955 loquatur,
387 1895 518 1942 censetur
543 1884 634 1942 facere
661 1885 823 1942 facultatem
846 1882 1022 1941 confessario
1049 1885 1147 1943 utendi
1167 1885 1267 1943 notitia
1286 1905 1323 1945 ex

232 1981 414 2042 consessione
428 1983 562 2052 derivata,
573 1991 712 2042 utsecum
726 1985 911 2056 colloquatur.
953 1983 1128 2056 Plerumque
1136 1994 1231 2043 tamen
1240 1985 1324 2044 inter·

232 2083 374 2158 rogandus
395 2091 448 2151 est,
463 2092 557 2142 utrum
581 2083 649 2141 velit
664 2083 699 2141 de
721 2084 804 2141 rebus
825 2082 991 2159 hujusmodi
1012 2083 1108 2156 loqui:
1130 2085 1186 2142 nisi
1212 2085 1325 2160 placeat

234 2197 300 2238 eum
313 2183 456 2241 remittere
469 2180 504 2240 ad
524 2191 637 2258 tempus
650 2183 836 2258 opportunius
857 2183 886 2241 in
903 2201 983 2239 sacro
1003 2183 1153 2241 tribunali:
1168 2183 1245 2257 quod
1265 2187 1326 2258 qui·

235 2277 301 2338 dem
328 2281 454 2340 maxime
479 2281 656 2357 probandum
677 2293 729 2339 est.
772 2281 873 2338 Statim
896 2292 962 2357 post
979 2282 1190 2341 confessionem
1210 2283 1240 2340 in
1261 2285 1325 2361 ipso

235 2377 368 2437 tribunali
382 2379 573 2437 confessarius
587 2398 652 2438 cum
667 2382 820 2455 poenitente
833 2380 913 2452 loqui
926 2390 1020 2456 potest
1039 2399 1077 2438 ex
1098 2384 1198 2439 notitia
1217 2383 1327 2441 conses-

237 2476 338 2546 sionis,
348 2479 372 2536 si
387 2478 455 2551 quid
469 2479 495 2536 ei
504 2478 534 2536 in
541 2478 706 2538 memoriam
721 2479 912 2538 revocandum
925 2481 970 2548 sit,
985 2479 1031 2536 vel
1044 2481 1183 2538 monitum
1193 2492 1326 2555 praestan·

236 2574 315 2645 dum,
330 2596 394 2636 nam
411 2578 553 2655 judicium
575 2579 622 2637 vix
644 2580 798 2655 perlectum
812 2592 953 2648 censetur,
972 2597 1020 2636 reo
1044 2597 1100 2637 non
1122 2579 1258 2638 dimisso:
1275 2583 1327 2640 sed

235 2685 349 2751 praestat
369 2679 467 2737 omnia
487 2687 550 2735 ante
571 2679 776 2738 absolutionem
803 2679 949 2755 perficere.
998 2678 1034 2736 In
1056 2679 1245 2738 confessionis
1267 2690 1329 2740 actu

236 2775 302 2833 licet
319 2778 359 2834 uti
372 2761 474 2836 notitia
487 2796 524 2835 ex
538 2779 680 2853 prioribus
698 2780 927 2838 confessionibus
951 2778 1084 2845 derivata,
1099 2789 1238 2852 quatenus
1252 2799 1324 2857 opus

238 2874 276 2931 sit
301 2874 337 2932 ad
359 2875 537 2954 dirigendum
562 2878 606 2935 vel
627 2877 836 2935 emendandum
862 2879 1057 2953 penitentem,
1079 2887 1159 2936 caute
1184 2890 1278 2937 tamen
1301 2891 1329 2938 et

237 2974 400 3049 prudenter,
411 2995 446 3035 ne
460 2978 678 3053 exprobratione
692 2976 767 3034 baud
783 2976 1120 3034 necessariadelictorum
1131 2996 1194 3049 quae
1203 2979 1330 3053 expiavit

238 3081 266 3129 et
278 3072 439 3148 dereliquit,
453 3096 607 3154 gravamen
622 3076 752 3152 patiatur.

277 3177 326 3232 st.
349 3176 406 3242 Qui
420 3177 451 3233 in
463 3177 644 3235 consessione
654 3175 757 3251 praevia
771 3175 923 3235 molestum
933 3180 1068 3250 expertus
1079 3182 1123 3230 est
1132 3173 1327 3250 penitentem,

238 3272 284 3329 vel
306 3275 400 3334 minus
421 3275 603 3352 dispositum,
627 3294 684 3333 non
705 3284 800 3351 potest
811 3275 919 3332 idcirco
942 3292 958 3330 e
981 3273 1111 3331 tribunali
1126 3273 1268 3342 recedere,
1282 3277 1327 3334 vel

238 3370 307 3431 alias
320 3393 450 3432 recusare
471 3374 681 3433 confessionem
702 3376 765 3452 ejus
785 3375 937 3449 excipere;
961 3380 1037 3430 esset
1049 3374 1127 3431 enim
1147 3374 1329 3448 exprobratio

238 3473 379 3543 quadam,
394 3493 457 3546 quae
471 3493 624 3552 gravamen
638 3473 767 3532 afferret:
783 3475 842 3531 imo
855 3473 963 3544 nequit,
977 3473 1030 3531 sub
1041 3481 1177 3550 praetextn
1192 3491 1328 3544 quocum·

238 3586 377 3641 quaeum
392 3573 521 3632 confiteri
529 3573 671 3631 volentem
686 3573 822 3650 effugere,
840 3573 907 3631 licet
920 3574 1064 3648 poenitens
1077 3572 1105 3631 id
1120 3591 1178 3631 non
1193 3571 1329 3642 advertat,

236 3671 303 3740 quia
315 3691 468 3749 gravamen
478 3674 560 3733 foret.
582 3674 615 3731 Si
626 3683 717 3731 autem
727 3691 764 3730 ex
774 3673 927 3737 tentatione
942 3683 1023 3732 antea
1034 3675 1067 3733 ab
1078 3673 1175 3732 eadem
1191 3672 1219 3730 ei
1233 3675 1327 3752 objec-

238 3780 276 3839 ta,
287 3772 448 3847 suspicetur
460 3773 646 3849 poenitentem
659 3772 694 3830 ad
703 3772 866 3831 tentandum
879 3790 944 3831 eum
959 3774 1103 3842 accedere,
1117 3773 1215 3846 utique
1232 3775 1331 3833 licebit

237 3869 347 3945 fugere,
362 3888 451 3942 quum
470 3874 513 3930 sic
536 3891 594 3931 non
608 3880 700 3931 utatur
713 3873 813 3931 notitia
834 3891 872 3930 cx
892 3871 1075 3932 consessione
1089 3873 1194 3938 habita,
1208 3872 1259 3930 sed
1273 3874 1329 3930 sibi

238 3968 368 4026 consulat
379 3986 417 4025 ex
430 3971 567 4045 probabili
583 3972 747 4049 suspicione
770 3991 864 4049 pravae
887 3972 1053 4030 intentionis
1076 3971 1140 4048 ejus
1160 3989 1224 4043 quae
1240 3971 1330 4047 poeni-

237 4069 323 4126 tentis
336 4068 464 4143 speciem
479 4071 631 4147 praesefert.
673 4072 706 4130 si
720 4091 757 4132 ex
771 4070 953 4129 consessione
964 4073 1026 4150 ejus
1038 4069 1149 4128 noverit
1162 4087 1225 4126 eam
1241 4087 1329 4145 pravo

236 4166 357 4228 consilio
371 4174 453 4226 autea
465 4171 622 4229 accessisse
636 4171 670 4230 ad
685 4170 816 4238 tribunal,
830 4170 877 4228 vel
890 4169 925 4226 ad
939 4171 1002 4247 ejus
1017 4169 1145 4234 domum,
1160 4185 1217 4225 non
1232 4167 1331 4226 licebit

235 4286 298 4327 eam
324 4267 475 4345 repellere,
497 4269 590 4330 donec
611 4271 750 4330 iudicium
778 4268 895 4342 aliquod
917 4285 1011 4344 prava
1038 4265 1203 4326 intentionis
1230 4285 1330 4346 reapse

237 4368 403 4446 praebuerit:
426 4369 495 4428 alias
509 4371 585 4431 enim
599 4371 697 4429 notitia
710 4389 748 4429 cx
762 4367 944 4427 consessione
958 4375 1093 4425 uteretur.

277 4471 327 4526 85.
350 4468 430 4526 Usus
456 4471 563 4530 notitiae
589 4489 627 4528 ex
653 4469 833 4528 consessione
857 4465 1000 4534 derivatae,
1028 4468 1135 4540 absque
1162 4465 1221 4526 ulla
1240 4469 1335 4527 arcani

318 4567 395 4626 Vor..
410 4567 549 4629 111.-16
