3172 5172
426 519 485 579 DE
507 517 798 579 EUOHARISTIA
818 519 1127 581 Mluls'rttauon.
1279 529 1319 583 re

267 694 317 748 34.
337 689 373 748 ln
385 688 487 747 Missis
501 688 631 746 vivorum
645 687 810 746 communio
823 687 895 746 intra
908 687 1032 747 Missam
1045 687 1138 748 danda
1147 689 1317 767 plerumque

229 797 283 856 est,
294 790 350 847 nisi
362 789 397 847 ob
410 784 621 847 multitudinem
634 787 906 846 communicantium
916 796 1017 866 postea
1026 787 1119 848 danda
1129 789 1266 860 videatur,
1281 810 1318 850 ne

231 888 389 952 molestiam
403 897 432 945 et
444 884 662 947 incommodum
677 905 756 945 mora
768 886 900 964 plurimis
913 882 1030 965 pariat¹

270 992 318 1046 ³5.
340 987 374 1044 Si
393 987 540 1062 contingat
563 986 687 1045 bostiam
710 985 842 1044 decidere
862 987 932 1046 dum
952 987 1119 1046 communio
1132 989 1315 1059 ministratur,

229 1087 360 1146 Rubricoe
374 1086 572 1162 praescribunt,
592 1094 625 1143 ut
636 1103 671 1142 ea
683 1085 775 1144 statim
789 1086 907 1155 sublata,
927 1087 1009 1145 locus
1022 1103 1117 1163 panno
1130 1088 1208 1146 lineo
1227 1092 1319 1166 operi·
1383 1157 1387 1172 .

228 1197 298 1253 atur,
325 1185 465 1264 deinceps
491 1184 659 1244 abluendus.
702 1183 847 1244 Ceterum
873 1185 904 1244 id
923 1189 976 1244 sub
1002 1186 1081 1262 gravi
1102 1204 1161 1246 non
1187 1198 1339 1248 censetur.

227 1286 434 1362 praescriptum,
455 1293 483 1343 et
502 1284 539 1343 ob
560 1285 748 1344 turbationem
768 1284 868 1361 populi
887 1285 1029 1344 vitandam
1043 1286 1197 1358 aliquando
1211 1289 1317 1362 absque

226 1384 309 1462 culpa
322 1385 563 1462 praetcrmittitur3
585 1383 694 1442 cautela
715 1393 808 1441 tamen
831 1383 1004 1466 adhibita'ne
1024 1385 1171 1459 particula,
1186 1388 1231 1447 rel
1244 1388 1317 1467 frag·

227 1492 354 1542 mentum
367 1484 396 1541 in
411 1496 483 1542 terra
496 1483 681 1556 relinquatur.
724 1481 757 1538 Si
770 1483 800 1541 in
814 1493 913 1559 pectus
927 1483 1053 1541 mulieris
1066 1482 1158 1542 hostia
1170 1486 1315 1556 deciderit,

228 1584 256 1640 ei
269 1583 438 1658 permittitur
450 1593 481 1641 ut
494 1601 558 1641 eam
571 1583 636 1658 ipsa
649 1581 800 1650 abstrahat,
812 1590 840 1640 et
852 1583 882 1640 in
895 1583 1001 1641 ciborio
1014 1577 1160 1660 reponat.²

269 1685 317 1740 ³6.
340 1681 513 1742 communio
526 1682 695 1759 plerumque
709 1699 793 1740 mane
807 1682 991 1741 ministranda
1010 1692 1054 1741 est
1071 1683 1155 1760 juxta
1167 1697 1317 1746 consuctu-

229 1781 322 1840 dinem
336 1782 493 1841 Ecclesia:
515 1779 566 1839 sed
587 1781 625 1840 ob
646 1781 801 1858 specialem
822 1801 950 1850 causam,
970 1801 1174 1855 nonnunquam
1188 1786 1242 1845 sub
1257 1804 1317 1844 ves·

227 1900 322 1957 peram
332 1881 442 1960 jejunis
456 1881 547 1950 datur,
561 1880 630 1939 dum
643 1899 730 1939 sacra
744 1881 816 1938 finnt
824 1883 986 1949 missiones,
997 1891 1154 1960 almagnus
1164 1894 1209 1941 est
1217 1884 1317 1961 populi

227 2000 393 2041 concursus.
435 1981 613 2057 Intempesta
638 1990 722 2039 nocte
751 1999 815 2040 earn
844 1982 910 2040 dare
936 1982 1091 2050 nonlicet,
1118 1993 1199 2040 extra
1218 2001 1315 2044 casum

225 2081 414 2140 necessitatis.
458 2081 527 2140 Non
540 2081 609 2139 licet
621 2098 683 2138 cam
697 2079 763 2138 dare
776 2081 807 2139 iu
821 2082 915 2140 Missa
928 2080 1093 2140 Natiuitatis
1108 2079 1237 2151 Domini,
1251 2102 1315 2156 quae

226 2179 326 2238 dicitur
339 2179 434 2238 media
447 2189 540 2248 nocte,
562 2198 598 2240 cx
613 2178 728 2239 decreto
749 2179 781 2237 S.
797 2179 892 2258 Cong.
907 2181 1026 2241 Rituum
1041 2181 1116 2258 apud
1129 2181 1315 2243 Benedictum

224 2271 326 2338 xlv.³
339 2280 435 2338 necin
448 2281 494 2339 dia
508 2279 685 2337 Parasceves
698 2298 735 2337 ex
750 2279 864 2338 decreto
876 2280 1006 2356 ejusdem
1016 2280 1062 2339 die
1079 2285 1115 2339 19
1129 2281 1201 2340 Feb.
1219 2286 1313 2341 1622:

227 2377 316 2437 indie
331 2387 425 2437 autem
439 2379 554 2439 Sabbati
566 2379 666 2437 Sancti
680 2379 758 2436 nulla
769 2377 834 2455 lege
854 2386 978 2436 vetatur:
1001 2397 1064 2450 qun
1088 2389 1184 2438 tamen
1196 2383 1313 2440 nonnisi
1343 2399 1352 2408 ·

225 2477 254 2536 in
269 2478 363 2537 Missa
377 2479 497 2539 solemni
510 2497 546 2538 eo
559 2478 616 2548 die,
631 2478 676 2536 vel
689 2487 798 2555 postea,
813 2477 967 2536 ministrari
981 2478 1141 2536 consuevit.

381 2695 407 2770 §.
422 2694 478 2753 lIl.
521 2693 636 2760 Qornos
653 2711 860 2753 ummrnsnna
873 2711 920 2752 srr
933 2691 1155 2753 Encasnrsrrs.

264 2854 313 2908 ³7.
336 2848 480 2906 “Fideles
503 2865 603 2905 omnes
624 2846 659 2904 ad
672 2865 780 2906 sacram
802 2849 1035 2907 communionem
1049 2846 1216 2907 admittendi
1236 2858 1312 2916 sunt,

225 2950 354 3026 exceptis
366 2949 401 3006 iis
415 2947 464 3021 qui
474 2948 553 3025 justa
565 2948 673 3005 ratione
686 2947 880 3023 probibentur.
922 2947 1047 3005 Arcendi
1061 2956 1155 3004 autem
1165 2955 1232 3004 sunt
1244 2949 1315 3024 pub-

224 3049 277 3107 lice
300 3047 420 3126 indigni,
449 3047 547 3121 quales
567 3055 635 3104 suut
653 3047 906 3114 excommunicati,
934 3044 1085 3112 interdicti,
1106 3044 1315 3118 manifesteque

225 3148 354 3217 infames,
376 3157 407 3205 ut
427 3148 600 3214 meretrices,
620 3146 825 3214 concubinarii,
847 3146 1041 3213 foeneratores,
1064 3144 1151 3220 magi,
1177 3143 1314 3220 sortilegi,

226 3247 397 3323 blasphemi,
411 3256 438 3304 et
463 3246 511 3304 alii
532 3248 595 3324 ejus
616 3246 729 3323 generis
752 3246 859 3323 publici
881 3253 1064 3323 peccatores;
1084 3243 1140 3301 nisi
1159 3242 1195 3301 dc
1216 3262 1315 3303 eorum

227 3347 393 3423 poenitentia
407 3356 435 3404 et
455 3345 656 3406 emendatione
669 3354 789 3415 constet,
804 3355 833 3404 et·
844 3346 959 3423 publico
979 3343 1114 3403 scandalo
1134 3345 1213 3419 prius
1233 3346 1315 3404 satis·

226 3445 353 3505 fecerint.
396 3445 533 3505 Occultos
554 3443 621 3504 verb
645 3453 820 3521 peccatores,
834 3446 860 3502 si
882 3446 991 3503 occulte
1014 3451 1121 3521 petant,
1139 3451 1167 3500 ct
1185 3462 1243 3501 non
1263 3462 1314 3502 eos

225 3547 390 3606 emendatos
411 3545 589 3624 agnoverint,
610 3545 768 3621 repellant:
790 3564 849 3604 non
871 3554 965 3604 autern
989 3545 1014 3602 si
1034 3543 1146 3621 publice
1169 3551 1274 3620 petant,
1288 3552 1316 3602 et

224 3648 286 3704 sine
294 3646 429 3708 scandalo
443 3648 508 3722 ipos
519 3646 661 3720 praeterire
671 3644 846 3719 nequeant.'’
873 3644 915 3703 Ita
923 3647 1006 3724 jubet
1016 3643 1128 3703 Rituale
1139 3644 1313 3705 Romanum.

226 3745 271 3802 De
286 3748 420 3806 omnibus
436 3745 485 3819 qui
493 3744 662 3803 nominatim
676 3743 833 3803 denuntiati
842 3762 901 3802 non
915 3755 990 3814 sunt,
1005 3745 1095 3817 etqui
1109 3756 1261 3805 censentur
1280 3745 1316 3804 ad

227 3844 346 3901 tribunal
367 3845 541 3920 poenitentiae
563 3844 730 3911 accessisse,
753 3844 982 3922 presumendum
1007 3845 1177 3921 plerumque
1203 3854 1246 3901 est
1264 3862 1314 3900 eos

227 3942 393 4000 emendasse
415 3963 520 4012 mores,
534 3953 562 4001 et
575 3944 746 4003 satisfecisse
760 3944 913 4002 scandalo:
936 3953 1108 4021 quapropter
1122 3944 1171 4000 vix
1187 3960 1313 4012 unquam

226 4040 383 4117 repellendi
404 4052 469 4101 sunt
487 4044 571 4102 etiam
592 4045 642 4117 qui
664 4054 819 4102 noscuntur
842 4044 1010 4120 gravissime
1031 4041 1198 4113 deliquisse.
1241 4038 1313 4105 Quae

224 4141 318 4218 palam
333 4142 407 4200 inter
419 4143 581 4203 meretrices
602 4151 758 4211 versantur,
772 4145 870 4216 utique
883 4151 949 4200 sunt
962 4140 1100 4208 arcendae,
1116 4154 1205 4209 quum
1218 4136 1313 4214 ipsum

221 4243 397 4302 consortium
413 4260 515 4319 pravos
536 4242 637 4320 prodat
659 4261 771 4301 mores:
796 4261 854 4301 non
875 4242 914 4299 ita
934 4240 1030 4317 puella
1049 4235 1175 4315 gravida,
1190 4255 1253 4311 quae
1276 4239 1313 4298 ad

324 4413 366 4477 (t)
389 4410 450 4462 Vide
462 4410 555 4462 Bened.
568 4410 638 4460 XIV.
650 4410 681 4460 de
692 4409 777 4462 esent
790 4409 859 4460 Miss.
871 4415 887 4457 t
900 4408 933 4456 ir.
943 4405 959 4453 l.
971 4405 1004 4454 iii.
1013 4419 1035 4457 c.
1045 4404 1113 4456 xviii.

326 4497 369 4567 (2)
389 4497 683 4562 satrianensem
920 4494 962 4559 (³)
981 4491 1014 4542 T.
1024 4491 1058 4546 ix.
1070 4493 1087 4541 l.
1099 4491 1159 4544 tite
1178 4494 1238 4547 xviii
