3108 5162
265 577 323 636 304
553 571 610 630 DE
631 567 1057 629 DISPENSATIONIBUS.

266 739 394 798 monium
404 736 480 796 bona
492 735 548 794 lide
561 745 733 795 contractum
745 737 774 794 in
786 735 857 794 facie
870 735 1022 802 Ecclesia,
1035 735 1191 811 praemissis
1204 735 1355 794 denuntia·

268 838 400 902 tionibus,
421 837 469 895 ubi
489 835 551 894 haec
576 837 652 912 viget
670 833 832 909 disciplina,
856 845 885 891 et
905 835 1030 909 separari
1050 844 1192 906 nequeant
1213 836 1355 911 conjuges

266 937 374 1008 absque
387 933 530 1001 scandalo,
545 935 591 992 vel
603 933 772 1012 gravissimo
785 932 899 1000 damno,
915 943 943 992 et
956 932 1045 990 facilis
1056 951 1113 991 non
1126 934 1164 990 sit
1176 952 1307 991 recursus
1319 933 1357 990 ad

268 1035 448 1101 Pontificem,
476 1033 603 1109 plerique
629 1031 754 1108 theologi
780 1040 900 1089 censent
924 1032 1091 1107 episcopum
1119 1049 1157 1089 ex
1183 1041 1358 1107 presumpta

268 1133 415 1192 Pontificis
441 1133 595 1198 voluntate,
622 1129 788 1206 dispensare
814 1147 910 1204 posse.
965 1128 1050 1195 Quod
1076 1131 1102 1188 si
1128 1149 1181 1206 per
1205 1130 1358 1206 epistolam

266 1232 385 1290 obtineri
406 1231 483 1288 brevi
504 1231 594 1305 possit
607 1227 782 1303 dispensatio
795 1228 951 1304 pontificia,
967 1229 996 1285 in
1009 1228 1084 1285 bona
1103 1228 1158 1285 fide
1172 1228 1354 1301 relinquendi

266 1341 357 1396 erunt,
371 1337 399 1384 et
411 1327 587 1403 expectanda
600 1327 785 1402 dispensatio.
807 1326 840 1382 Si
851 1325 1088 1402 impedimentum
1102 1327 1257 1394 oecultum,
1272 1327 1355 1399 quale

267 1437 310 1486 est
321 1427 488 1504 plerumque
502 1427 605 1502 copula
618 1425 714 1483 illicita
734 1443 800 1482 cum
820 1423 1033 1502 consanguinea
1052 1443 1178 1502 sponsa,
1201 1425 1357 1503 reperiatur

267 1537 330 1584 ante
351 1525 571 1592 matrimonium,
587 1525 622 1583 iis
645 1523 674 1581 in
696 1541 790 1582 rerunt
810 1522 948 1600 adjunctis
969 1523 999 1580 in
1020 1523 1122 1595 quibus
1143 1543 1224 1582 mora
1244 1523 1355 1582 afferret

266 1642 400 1702 magnum
414 1623 581 1681 scandalum
595 1621 639 1679 vel
653 1621 869 1680 detrimontum:
892 1630 989 1698 “puta
1001 1622 1027 1678 si
1040 1622 1108 1680 alias
1122 1623 1268 1681 immineat
1280 1625 1355 1697 peri·

266 1722 361 1781 culum
376 1722 483 1790 mortis,
500 1723 542 1779 vel
557 1723 582 1779 si
598 1720 807 1781 matrimonium
828 1721 866 1778 sit
883 1720 1078 1778 necessarium
1098 1721 1132 1778 ad
1153 1721 1353 1797 legitimandas

267 1821 371 1899 proles,
386 1820 432 1877 vel
452 1818 487 1878 ad
507 1818 649 1878 vitandam
664 1819 778 1876 feminae
792 1819 937 1878 infamiam
959 1827 1006 1876 aut
1019 1818 1072 1876 alia
1085 1816 1243 1878 damna:”¹
1257 1820 1354 1895 plures

266 1929 384 1978 censent
404 1920 571 1995 episcopum
592 1935 678 1994 posse
699 1915 883 1993 dispensare:
905 1916 957 1975 sed
970 1916 1154 1976 vehementer
1165 1926 1249 1996 negat
1262 1918 1354 1977 Bene·

267 2020 358 2078 dictus
372 2017 456 2076 XIV.
472 2017 501 2076 id
513 2018 597 2076 licere
612 2033 738 2089 unquam
750 2014 785 2072 de
798 2014 1011 2092 impedimentis
1022 2017 1164 2092 publicis;
1178 2036 1267 2090 quum
1278 2017 1354 2076 haud

266 2119 328 2176 sine
353 2117 510 2174 Pontificio
537 2115 706 2173 auctoritatis
738 2113 888 2190 dispendio
920 2117 1071 2174 auctoritas
1104 2115 1290 2192 dispensandi
1316 2118 1352 2174 ab

265 2213 397 2274 inferiore
417 2214 537 2290 presule
556 2203 764 2291 usurparetur.²
803 2213 862 2280 Qui
881 2215 1004 2272 scienter
1029 2215 1208 2283 contrahunt,
1234 2214 1355 2290 impedi·

267 2322 364 2372 mento
377 2312 549 2389 posthabito,
570 2329 622 2388 spe
639 2311 859 2388 dispensationis
879 2313 992 2381 cadunt,
1013 2324 1185 2390 quapropter
1197 2314 1351 2390 episcopus

268 2413 367 2485 nequit
379 2411 544 2490 dispensare
557 2429 621 2470 cum
644 2411 686 2468 eis
708 2429 746 2469 ex
768 2421 940 2490 presumpta
961 2412 1109 2470 Pontificis
1132 2413 1290 2479 voluntate3
1310 2431 1353 2470 re-

267 2519 374 2590 pugnat
394 2512 470 2570 enirn
491 2528 582 2568 canon
605 2509 801 2578 Tridentinus,
823 2528 879 2583 quo
899 2529 966 2588 spes
986 2509 1207 2588 dispensationis
1227 2511 1353 2569 aufertur

266 2611 390 2668 scienter
408 2609 637 2668 contrahentibus
657 2609 866 2666 matrimonium
887 2611 915 2668 iu
929 2609 1017 2686 gradu
1031 2609 1191 2687 prohibito:
1212 2610 1353 2682 “Siquis

266 2712 338 2768 intra
357 2707 461 2782 gradus
474 2707 632 2782 prohibitos
656 2706 778 2764 scienter
790 2707 1002 2766 matrimonium
1017 2708 1183 2767 contrahere
1196 2727 1353 2786 praesump-

265 2805 342 2870 serit,
365 2813 519 2879 separetur,
534 2813 563 2861 et
583 2823 635 2880 spe
649 2803 872 2880 dispensationis
892 2806 1102 2879 consequendas
1116 2816 1229 2864 careat.
1246 2847 1253 2863 .
1269 2849 1277 2865 .
1292 2825 1352 2866 ιιοιι

264 2902 341 2960 enim
356 2902 458 2976 dignus
479 2910 523 2956 est
542 2902 592 2972 qui
612 2901 752 2958 Ecclesia
773 2902 974 2980 benignitatem
988 2905 1070 2964 facile
1084 2907 1255 2981 experiatur,
1269 2908 1352 2984 cujus

265 2999 386 3058 salubria
399 3008 542 3076 precepta
555 3010 661 3058 temere
675 2997 895 3077 contempsit.”³

303 3102 373 3157 214.
385 3099 420 3158 ln
429 3098 638 3175 impedimentis
647 3099 867 3177 impedientibus
875 3100 1043 3178 dispensant
1050 3104 1179 3181 episcopi
1190 3122 1353 3163 exconsue·

265 3199 372 3267 tudine,
382 3199 510 3275 exceptis
526 3199 599 3256 votis
609 3199 744 3257 eastitatis
755 3209 900 3275 perpetuae
911 3210 939 3258 et
949 3200 1126 3277 ingrediendi
1134 3203 1309 3280 religionem,
1320 3204 1351 3262 in

258 3300 359 3376 quibus
368 3301 453 3358 stiam
463 3298 592 3374 episcopi
602 3297 703 3358 harum
716 3299 865 3374 regionum
878 3317 915 3357 ex
923 3301 1040 3376 speciali
1053 3300 1163 3360 indulto
1177 3301 1344 3377 dispensare

263 3399 366 3458 valent.
409 3399 442 3458 ln
464 3396 659 3456 hereticorum
680 3415 744 3456 eum
764 3397 913 3456 catholicis
933 3400 1039 3474 nuptiis
1058 3402 1142 3459 etiarn
1162 3409 1299 3458 nostrates
1312 3419 1350 3460 ex

261 3497 361 3557 eadem
374 3496 490 3573 speciali
504 3497 585 3556 venia
598 3479 775 3574 dispensant,
789 3497 998 3557 conditionibus
1016 3509 1110 3558 tamen
1124 3499 1278 3576 appositis:
1293 3518 1348 3558 nec

263 3595 339 3650 enirn
354 3595 434 3652 aliter
447 3587 539 3652 licet.⁴
578 3593 669 3655 Datur
682 3596 800 3655 facultas
820 3596 920 3654 eodem
941 3595 1051 3656 indulto
1065 3598 1250 3674 dispensandi
1262 3617 1351 3676 super

262 3688 344 3744 tortio
358 3697 385 3741 et
397 3697 497 3758 quarto
510 3694 761 3766 consanguinitatis
775 3703 803 3751 et
816 3695 959 3753 affinitatis
980 3696 1068 3773 gradu
1082 3696 1206 3774 simplici
1218 3708 1248 3755 et
1257 3699 1349 3755 mixto

259 3791 377 3850 tantum,
399 3792 427 3840 et
449 3784 478 3839 in
501 3783 637 3852 secundo,
660 3790 752 3856 tertio,
772 3801 802 3848 et
822 3801 920 3862 quarto
935 3795 1044 3862 mixtis,
1059 3804 1088 3853 et
1101 3796 1130 3852 in
1143 3794 1270 3854 secundo
1284 3795 1347 3853 solo

262 3882 354 3958 quoad
369 3882 507 3961 preterita
521 3881 699 3942 matrimonia
718 3904 784 3943 cum
803 3890 951 3948 conversis
972 3893 1007 3950 ad
1028 3893 1133 3961 fidem;
1154 3904 1184 3952 et
1196 3895 1280 3954 etiarn
1295 3912 1348 3972 pro

259 3985 408 4061 sexaginta
421 3983 532 4042 casibus
546 3999 631 4058 super
644 3983 781 4056 secundo,
796 3984 953 4047 dummodo
966 3992 1046 4051 nullo
1061 3991 1147 4052 modo
1161 3992 1279 4070 attingat
1291 3994 1348 4070 pri·

258 4101 357 4142 mum:
379 4085 454 4142 sicut
472 4083 556 4141 etiarn
570 4101 622 4159 pro
636 4084 752 4144 totidem
766 4086 877 4146 casibus
891 4106 979 4166 snper
991 4091 1087 4167 primo
1101 4090 1244 4151 affinitatis
1258 4089 1348 4168 gradu

526 4256 569 4323 (1)
589 4254 615 4303 S.
627 4255 702 4320 Alpls.
713 4257 729 4307 l.
741 4258 773 4307 vi.
784 4273 810 4308 n.
825 4261 897 4308 1120.

525 4340 568 4404 (2)
586 4337 624 4387 De
635 4339 696 4403 Syn.
707 4339 776 4390 dioc
787 4341 853 4392 trit.
862 4358 883 4392 c.
895 4357 956 4392 m.
967 4347 992 4391 st
1000 4344 1069 4394 xxxi.

522 4423 565 4488 (Β)
584 4421 649 4470 Sess.
661 4423 727 4472 xxiv.
739 4439 792 4489 cap.
802 4441 826 4474 v.

526 4507 569 4578 (t)
589 4505 698 4557 Carriere
708 4507 739 4558 ds
749 4515 806 4565 mat
818 4516 835 4560 t.
847 4510 871 4562 ii.
883 4526 909 4561 n.
921 4515 979 4562 tos.
