3172 5172
263 549 302 604 88
450 540 506 600 DE
528 539 825 603 SUSCEPTIONE
848 540 1167 602 EUOHARISTIAE.

263 711 355 776 tuerit,
369 725 436 766 eum
450 707 681 768 communionem
701 708 828 783 recipere
842 707 986 766 volentem
1001 708 1035 766 ad
1049 709 1215 768 scandalum
1237 721 1264 768 et
1286 711 1357 770 inss-

262 811 348 868 miam
370 807 526 875 vitandum,
547 807 650 866 debere
670 807 799 866 confiteri
819 809 903 866 etiam
924 807 1063 867 sacerdoti
1084 811 1190 868 carenti
1216 819 1354 885 potestate

262 906 427 966 absolvendi
447 927 463 963 a
482 907 620 973 censuris,
637 906 782 964 contendit
801 906 833 962 S.
856 906 1034 982 Alphonsus,
1055 908 1121 980 quia
1141 909 1176 966 iir
1200 910 1231 966 in
1257 927 1351 966 renim

262 1007 402 1086 adjunctis
422 1005 574 1081 prohibitio
594 1005 732 1064 Ecclesiae
753 1023 790 1062 ne
816 1005 932 1063 accedat
953 1005 989 1064 ad
1008 1017 1184 1066 sacramenta
1210 1025 1352 1083 suspensa

262 1105 406 1166 censenda
418 1114 478 1162 est:
494 1107 539 1162 oui
553 1103 674 1180 proinde
688 1103 827 1162 absolutio
842 1105 901 1162 dari
915 1106 1028 1181 poterit,
1039 1116 1171 1164 manente
1182 1106 1354 1182 obligatione

263 1207 471 1266 absolutionem
493 1223 509 1260 a
529 1222 649 1262 censura
669 1202 804 1279 deinceps
826 1199 968 1280 petendi¹
1008 1205 1090 1262 Laici
1105 1207 1154 1264 vix
1174 1223 1299 1276 unquam
1321 1203 1356 1260 ad

261 1304 472 1364 Eucharistiam
494 1301 648 1361 accedendi
669 1281 774 1375 absque
801 1303 983 1361 confessione
1006 1311 1141 1380 urgentur
1160 1304 1350 1361 necessitate:

262 1402 377 1476 quodsi
391 1411 542 1478 postquam
557 1401 591 1458 ad
606 1421 755 1461 scamnum
772 1402 1045 1460 communicantium
1066 1403 1248 1469 accesserint,
1263 1420 1354 1458 recor·

261 1503 363 1560 dentur
377 1501 486 1577 peccati
497 1501 633 1570 mortalis,
648 1503 729 1579 cujus
740 1511 822 1559 antea
835 1501 943 1558 conscii
957 1521 1013 1560 non
1027 1500 1147 1569 fuerant,
1162 1501 1258 1560 licebit
1277 1519 1355 1558 com·

262 1602 416 1668 municare,
431 1600 538 1658 doloris
555 1611 619 1658 actu
632 1601 737 1667 elicito,
751 1619 886 1659 unacum
901 1602 1048 1677 proposito
1059 1600 1225 1667 confitendi,
1237 1617 1354 1676 praeser·

262 1703 313 1758 tim
330 1701 356 1757 si
369 1701 477 1772 absque
497 1710 564 1758 nota
577 1699 642 1758 inde
656 1699 789 1758 recedere
803 1695 950 1772 nequeat.2
990 1700 1023 1757 Si
1039 1713 1151 1776 peracta
1171 1697 1354 1758 confessione

261 1802 292 1858 in
306 1800 475 1858 memoriam
500 1799 594 1856 veniat
608 1809 754 1876 peceatum
774 1818 860 1877 grave
880 1799 1030 1868 omissum,
1046 1802 1179 1872 quaeritur
1199 1809 1292 1857 utrum
1307 1815 1355 1856 ne·

262 1899 384 1958 cessarib
413 1897 531 1956 debeant
556 1899 657 1957 iterum
684 1907 715 1955 se
746 1900 847 1956 sistere
878 1918 974 1957 coram
1000 1899 1175 1967 consessore,
1203 1909 1355 1969 antequam

262 1998 472 2057 Eucharistiam
487 1999 653 2074 suscipiant.
686 1992 836 2067 Antoine,³
851 1998 977 2074 allegans
988 2000 1177 2058 auctoritatem
1189 1996 1354 2073 Hispanicae

262 2097 470 2169 Inquisitionis‚
485 2095 616 2164 affirmat,
631 2098 655 2154 si
675 2099 781 2169 absque
802 2098 882 2174 gravi
895 2097 1028 2156 scandalo
1042 2109 1071 2156 et
1083 2098 1205 2156 infamiae
1223 2095 1352 2173 periculo

263 2198 356 2272 possit
376 2197 438 2253 fieri
451 2214 458 2251 ε
473 2196 523 2253 sed
545 2196 622 2252 salva
642 2195 747 2254 decreti
767 2198 940 2266 auctoritate,
956 2199 1038 2275 cujus
1062 2198 1145 2256 verba
1163 2215 1221 2254 non
1247 2196 1355 2261 recitat,

262 2306 394 2371 putamus
408 2294 573 2371 obligationi
594 2313 679 2371 posse
699 2295 835 2374 deinceps
850 2297 991 2366 satisfieri,
1008 2316 1096 2370 quum
1117 2305 1266 2373 peceatum
1288 2312 1356 2352 cum

263 2397 372 2453 caeteris
385 2395 538 2452 remissum
552 2395 598 2452 sit.
642 2393 862 2456 Consulendum
876 2397 992 2468 quidem
1007 2408 1051 2454 est
1063 2395 1133 2454 illud
1146 2395 1276 2454 confiteri
1290 2402 1357 2451 ante

262 2495 504 2560 communionem,
532 2495 556 2550 si
583 2494 732 2548 commodo
757 2495 819 2548 fieri
844 2497 946 2567 possit,
970 2495 1027 2548 nisi
1053 2495 1194 2566 poenitens
1226 2493 1292 2548 inde
1319 2495 1357 2549 sit

264 2595 406 2669 scrupulis
427 2591 522 2650 nimiis
537 2589 733 2666 exagitandus,
748 2590 794 2646 vel
814 2589 964 2648 confessor
985 2589 1019 2646 ab
1041 2589 1103 2645 aliis
1127 2589 1287 2655 audiendis,
1306 2591 1357 2661 qui

264 2692 354 2766 magis
368 2690 496 2767 indigent
518 2690 580 2764 ejus
601 2689 770 2756 ministerio,
785 2688 963 2765 impediatur.
1006 2686 1048 2745 Ita
1068 2689 1153 2744 sentit
1172 2688 1353 2747 continuator

263 2790 404 2857 Tornelii,
419 2788 500 2863 cujus
520 2788 617 2863 opinio
630 2788 663 2844 S.
678 2788 829 2864 Alphonso
841 2787 902 2844 visa
922 2797 965 2844 est
977 2788 1095 2845 omnino
1115 2788 1216 2846 rationi
1234 2805 1354 2846 consen-

264 2883 372 2948 tanea⁴
403 2887 553 2964 Optimum
566 2896 609 2945 est
628 2898 722 2946 actum
743 2887 920 2945 contritionis
935 2886 970 2945 de
985 2897 1100 2962 peccato
1121 2887 1229 2945 omisso
1251 2887 1354 2946 elicere

265 2999 328 3047 ante
342 2986 585 3055 communionem,
599 2989 730 3058 quamvis
744 3007 803 3046 non
815 2986 944 3045 videatur
956 2986 1089 3062 specialis
1102 2987 1250 3064 obligatio,
1265 3005 1353 3060 quum

227 3137 229 3144 ,
265 3087 444 3146 absolutione
453 3088 514 3164 jam
528 3087 566 3144 sit
578 3087 739 3146 remissum.
771 3086 817 3145 Ad
831 3084 1062 3145 satisfaciendum
1077 3096 1218 3162 praecepto
1231 3085 1359 3162 paschali

265 3205 326 3246 non
340 3197 434 3262 potest
446 3186 508 3244 fieri
523 3186 688 3244 communio
701 3187 807 3260 absque
821 3187 1012 3253 consessione,
1021 3204 1110 3258 quum
1120 3186 1168 3244 lex
1181 3204 1239 3244 non
1253 3185 1360 3262 obliget

265 3287 311 3343 cui
326 3284 420 3344 debito
436 3284 521 3342 modo
535 3283 663 3341 satisfieri
676 3286 784 3358 nequit.
820 3284 964 3345 Caeterum
978 3285 1026 3344 alii
1041 3285 1116 3343 aliud
1130 3281 1309 3361 opinantur.⁴

305 3387 354 3440 50.
377 3384 487 3460 Magna
500 3385 588 3441 animi
603 3382 754 3442 devotione
768 3384 954 3460 suscipienda
967 3395 1011 3442 est
1029 3385 1213 3444 Eucharistia
1226 3403 1278 3460 pro
1292 3385 1361 3441 tanti

265 3484 435 3541 sacramenti
450 3482 584 3558 dignitate
598 3493 626 3540 et
640 3484 809 3556 praeetantia.
851 3483 982 3541 Venialis
997 3481 1205 3557 videtur'eulpa
1224 3481 1358 3539 accedere

266 3580 368 3636 affectu
382 3581 417 3638 ad
431 3579 554 3636 venialia
567 3579 644 3638 haud
658 3580 799 3655 deposito,
815 3581 916 3636 saltem
930 3581 955 3636 si
968 3589 1031 3636 actu
1044 3579 1181 3650 foveatur.
1205 3578 1359 3637 “Peccata

265 3677 419 3742 venialia,’'
447 3676 540 3747 inquit
567 3677 599 3733 S.
628 3677 769 3744 Thomas,
804 3676 985 3753 “dupliciter
1012 3677 1102 3752 accipi
1128 3685 1266 3752 possunt:
1298 3696 1357 3737 uno

265 3773 361 3842 modo,
383 3784 467 3850 prout
495 3783 562 3832 sunt
584 3775 740 3850 praeterita:
763 3776 819 3833 alio
840 3775 927 3834 modo
948 3783 1032 3852 prout
1052 3782 1117 3832 sunt
1136 3783 1199 3833 actu
1219 3778 1356 3835 exercita.

265 3874 365 3933 Primo
379 3872 494 3946 quidem
507 3872 594 3932 modo
607 3883 722 3950 peccata
731 3874 851 3933 venialia
861 3874 938 3932 nullo
952 3873 1038 3932 modo
1049 3873 1209 3949 impediunt
1220 3875 1355 3935 effectum

265 3975 352 4051 hujus
366 3974 549 4032 sacramenti:
572 3982 666 4050 potest
685 3974 761 4035 enim
784 3974 949 4049 contingere
970 3972 1046 4046 quod
1066 3973 1169 4046 aliquis
1190 3984 1256 4052 post
1268 3977 1355 4034 multa

265 4083 381 4149 peccata
394 4072 517 4134 venialia
530 4073 695 4141 commissa,
710 4072 811 4132 devote
834 4073 949 4132 accedat
970 4073 1005 4131 ad
1025 4074 1081 4131 boc
1094 4084 1312 4142 sacramentum,
1328 4082 1357 4130 et

265 4173 391 4247 plenarie
412 4174 498 4252 hujus
521 4173 689 4232 sacramenti
712 4180 902 4247 consequatur
920 4172 1064 4234 effectum.
1107 4173 1241 4232 Secundo
1260 4180 1355 4229 autem

334 4303 685 4404 (usurasne-2⁶⁵.
992 4338 1261 4406 ouranense.

335 4423 377 4488 (3)
397 4422 435 4472 De
447 4423 595 4476 Euchaii.
608 4425 814 4491 qu.iii.Resp.2.
843 4425 916 4478 Noto.
996 4428 1038 4493 (4)
1057 4424 1088 4474 L.
1100 4424 1237 4474 viu-257.

666 4510 708 4576 (5)
727 4510 826 4570 Ibidem,
837 4526 862 4561 n.
874 4513 932 4559 261.
