3108 5162
489 497 545 599 on
568 537 745 598 corrone
767 537 1014 608 consueuit,
1235 547 1293 603 ara

206 709 359 783 generatio,
370 725 433 780 qua
447 715 541 765 tamen
554 704 708 780 aliquando
718 705 826 778 absque
836 705 1006 783 graviculpa
1015 704 1176 764 excluditur
1185 708 1292 778 animo,

207 804 412 866 dummodonil
425 807 473 865 liat
492 825 549 886 quo
566 805 746 882 impediatur.
780 805 831 863 Sic
843 822 983 883 pauperes
1005 813 1033 862 ct
1055 815 1222 881 egrotantes
1244 808 1294 867 ali-

206 904 320 976 quando
332 907 430 965 volunt
441 906 519 983 prole
537 924 629 964 carere
652 922 815 972 numerosa,
828 905 898 978 quin
911 903 975 963 ideo
991 914 1110 980 peccent
1127 906 1291 975 mortaliter,

205 1003 231 1060 si
256 1022 320 1062 eam
348 1024 406 1064 non
439 1006 606 1082 impediant.
667 1003 789 1071 Quando
824 1003 953 1081 impedit,
979 1003 1151 1062 effundendo
1183 1023 1293 1075 semen,

203 1103 326 1177 grauiter
346 1113 454 1180 peccat,
474 1105 515 1162 uti
535 1106 625 1177 liquet
649 1121 687 1161 ex
712 1103 848 1178 exemplo
875 1103 971 1172 Onan,
992 1121 1078 1177 quem
1100 1103 1294 1166 effundentem

202 1217 301 1260 semen
314 1213 513 1280 superterram
527 1203 668 1281 percussit
680 1201 771 1261 Deus.
793 1202 914 1269 Quando
923 1201 989 1261 verb
998 1211 1117 1276 uterque
1127 1205 1291 1274 secohibet,

200 1308 233 1358 ut
252 1319 312 1360 non
331 1302 380 1360 fiat
404 1303 523 1362 seminis
543 1303 603 1361 ulla
624 1301 740 1369 effusio,
763 1321 780 1360 a
801 1311 918 1377 peccato
938 1303 1014 1378 graui
1035 1301 1131 1361 forsan
1152 1306 1285 1363 excusari

201 1410 334 1476 possunt,
349 1403 478 1473 quamvis
493 1402 566 1461 mala
578 1401 675 1478 specie
687 1402 779 1459 coitus
794 1400 959 1478 hujusmodi
972 1419 1030 1460 non
1043 1413 1145 1460 careat.

242 1502 292 1556 88.
314 1499 360 1557 Ad
383 1499 524 1561 vitandam
548 1501 680 1579 conjugis
702 1499 935 1583 incontinentiam
955 1501 1021 1559 licet
1040 1500 1165 1560 debitum
1182 1510 1289 1578 petere,

204 1604 223 1632 “
236 1597 270 1654 Si
290 1599 392 1671 aliquis
411 1597 577 1676 peractum
596 1599 768 1659 matrimonii
781 1599 908 1658 intendat
922 1601 1009 1658 vitare
1031 1599 1249 1659 fornicationem
1262 1603 1292 1661 in

203 1698 336 1774 conjuge,
350 1717 409 1756 non
429 1709 473 1757 est
492 1698 606 1773 aliquod
625 1707 784 1776 peccatum,
799 1699 865 1772 quia
885 1699 945 1758 hacc
966 1708 1009 1757 est
1022 1699 1151 1771 quaedam
1169 1699 1291 1760 redditio

202 1792 299 1865 debiti,
309 1817 372 1871 quae
382 1796 417 1856 ad
428 1800 532 1858 bonum
543 1798 610 1857 fidei
618 1798 740 1876 pertinet
748 1790 795 1856 :'’¹
804 1799 863 1857 imo
873 1797 903 1856 id
915 1799 983 1857 licet
992 1797 1027 1857 ad
1036 1789 1270 1886 suavaitandam
1281 1820 1289 1868 ;

201 1893 323 1954 charitas
337 1897 414 1955 enim
423 1906 481 1956 tum
495 1899 559 1968 sibi,
574 1907 634 1957 tum
649 1897 738 1966 alteri,
752 1897 887 1956 debetur:
910 1907 939 1955 et
950 1898 1006 1956 sibi
1020 1899 1142 1970 quisque
1155 1899 1288 1968 consulit,

11 1979 13 1986 ¹
113 2003 115 2006 '
199 1993 328 2055 subsidio
341 1996 419 2068 quod
432 1998 598 2075 conjugium
611 1997 719 2074 prebet
731 1997 846 2056 utendo.
888 1996 1068 2056 Valetudinis
1080 2015 1175 2055 nausa
1194 2015 1230 2055 co
1250 2000 1291 2056 uti

200 2091 275 2152 haud
285 2096 400 2155 vetitum
411 2106 464 2164 est,
480 2098 611 2168 quamuis
620 2096 707 2168 aliqui
720 2097 750 2154 in
763 2114 798 2155 co
812 2096 952 2154 venialem
965 2095 1079 2172 culpam
1093 2084 1257 2172 agnoscant.
1281 2117 1283 2120 ·

239 2197 288 2252 86.
310 2194 412 2254 Petere
425 2195 552 2255 debitum
566 2195 720 2269 aliquando
732 2203 842 2254 tenetur
853 2195 980 2265 maritus,
995 2194 1110 2268 quando
1131 2196 1241 2254 scilicet
1259 2195 1289 2256 id
1379 2277 1381 2282 ,

200 2293 392 2354 necessarium
406 2296 550 2354 existimat
562 2295 595 2353 ad
611 2313 736 2354 amorem
753 2295 974 2362 conciliandum,
986 2295 1061 2353 etad
1075 2297 1160 2354 uxori
1179 2296 1289 2355 satisfa-

200 2390 343 2459 ciendum,
376 2412 441 2467 quae
474 2413 533 2472 prae
566 2392 735 2453 verecundia
767 2394 937 2470 plerumque
969 2411 1027 2452 non
1060 2393 1145 2452 audet
1178 2407 1285 2470 petere.

201 2490 356 2559 “Quando
369 2494 412 2550 vir
423 2493 576 2570 percipit,”
591 2493 683 2565 inquit
696 2492 728 2550 S.
741 2491 882 2559 Thomas,
903 2500 923 2527 ‘⁶
933 2510 984 2567 per
998 2493 1092 2564 aliqua
1105 2493 1197 2568 signa,
1212 2494 1289 2566 quod

200 2608 273 2649 uxor
282 2590 367 2651 vellet
379 2593 435 2651 sibi
449 2593 575 2652 debitum
584 2591 676 2660 reddi,
690 2590 742 2650 sed
751 2590 1074 2668 propter-verecundiam
1085 2600 1167 2658 tacet,
1180 2600 1290 2652 tenetur

199 2684 367 2748 reddere.”8
397 2692 506 2751 Mulier
518 2703 612 2750 autern
627 2691 676 2749 vix
689 2699 799 2749 tenetur
811 2688 930 2749 reddere
943 2690 999 2748 nisi
1020 2691 1136 2749 maritus
1151 2709 1289 2769 expresse

199 2799 285 2867 petat,
300 2790 454 2851 dummodo
467 2811 525 2850 non
539 2791 576 2848 eit
595 2790 745 2850 timidioris
764 2788 918 2864 aliquando
930 2789 1034 2848 indolis
1053 2799 1081 2848 et
1093 2791 1217 2867 abjectae,
1231 2810 1289 2865 quo

199 2908 265 2948 casu
277 2889 445 2966 obligabitur
458 2908 531 2950 uxor
544 2907 581 2947 ex
591 2891 703 2948 caritate
710 2898 816 2967 petere,
825 2889 851 2947 si
865 2890 1026 2968 periculum
1034 2889 1249 2950 incontinentia
1259 2892 1289 2952 in

201 3005 236 3046 eo
249 2989 399 3065 percipiat.

237 3091 287 3145 87.
311 3087 428 3165 Conjnx
448 3087 603 3164 impeditos
617 3107 633 3144 a
645 3087 767 3164 petendo
780 3090 886 3147 ratione
905 3088 1011 3155 delicti,
1026 3105 1062 3144 u:
1079 3107 1116 3165 g:
1132 3089 1169 3154 ob
1183 3107 1286 3166 cogna-

197 3185 313 3254 tionem,
327 3187 372 3244 vcl
386 3186 551 3246 affinitatem
573 3196 744 3246 contractam
771 3187 874 3264 copula
892 3187 1001 3256 illicita,
1016 3194 1111 3261 potest
1128 3186 1282 3259 aliquando

198 3285 354 3362 prevenire
368 3287 481 3345 alterins
504 3286 685 3355 voluntatem,
700 3285 814 3360 quando
834 3288 958 3364 percipit
978 3303 1042 3344 eam
1064 3284 1138 3344 velle
1158 3283 1285 3347 debitum

199 3384 253 3443 sibi
275 3385 374 3444 reddi:
397 3394 463 3445 tunc
476 3387 553 3445 enim
568 3387 630 3462 ipse
653 3404 710 3444 non
736 3386 815 3464 petit,
831 3385 882 3444 sed
897 3385 1005 3446 reddit:
1021 3384 1098 3458 quod
1117 3383 1193 3443 licet.
1236 3386 1286 3445 Sic

160 3552 164 3558 ¹
195 3484 297 3543 mulier
306 3503 363 3554 rea,
374 3487 500 3544 rivirum
513 3487 543 3545 in
553 3484 681 3561 periculo
692 3486 901 3545 incontinentia
914 3485 1020 3544 uersari
1027 3484 1175 3561 percipiat,
1184 3487 1287 3559 poterit

198 3601 229 3641 se
248 3583 361 3653 offerre,
376 3595 407 3642 ut
425 3604 489 3646 eum
511 3585 621 3662 eripiat.
656 3584 689 3644 Si
710 3587 828 3664 conjux,
842 3586 928 3644 altera
948 3583 1151 3652 consentiente,
1176 3586 1286 3644 voverit

197 3684 363 3753 carnatem,
378 3685 477 3759 nequit
489 3693 596 3763 petere,
611 3675 657 3743 vel
679 3684 808 3753 reddere,
820 3684 876 3744 nisi
896 3686 988 3763 ipsam
1002 3683 1104 3742 viderit
1116 3684 1284 3762 periclitari:

195 3799 252 3853 quo
264 3803 331 3842 casu
345 3785 441 3862 plures
454 3785 552 3844 dicunt
563 3785 651 3844 licere
664 3785 692 3844 ei
705 3785 867 3852 subvenire,
881 3801 919 3842 ex
932 3785 995 3862 ipsa
1014 3785 1188 3844 matrimonii
1205 3786 1285 3844 insti·

199 3880 315 3939 tutione.
705 3957 709 3962 .
1220 3881 1224 3888 ’

236 3981 285 4036 88.
307 3977 354 4036 Ob
367 3997 425 4038 suae
448 3982 659 4042 incontinentia
673 3981 831 4059 periculum
850 3981 1033 4058 probabiliter
1054 3981 1123 4038 dicit
1142 3997 1287 4038 nonnemo

195 4075 281 4136 licere
287 4076 315 4134 ei
329 4078 378 4150 qui
390 4088 514 4149 voverat,
525 4090 622 4157 petere
631 4081 767 4150 debitum,
779 4080 894 4154 quando
904 4081 1019 4138 tentabo
1028 4079 1184 4138 vehemens
1194 4087 1248 4148 est,
1259 4088 1287 4136 et

195 4173 418 4254 dispensationis
437 4197 454 4236 a
466 4188 533 4238 roto
547 4179 708 4240 obtinendae
719 4180 796 4240 nulla
808 4180 890 4239 datur
902 4169 1011 4256 copin³

232 4391 274 4457 (l)
294 4387 381 4454 suppl.
391 4386 426 4438 iii.
436 4403 462 4453 p.
473 4403 515 4454 qu.
525 4388 585 4440 xlix.
597 4395 641 4439 art.
653 4405 676 4438 r.
687 4389 726 4440 ad.
737 4394 761 4442 8.
874 4389 917 4453 (2)
936 4386 1037 4448 Ibidem,
1047 4401 1089 4450 qu.
1104 4385 1161 4438 xliv.
1176 4391 1219 4438 art.
1229 4385 1255 4439 ii.

575 4475 618 4543 (3)
638 4474 665 4524 S.
678 4473 752 4539 Alpis.
766 4473 782 4523 l.
794 4472 827 4522 vi.
838 4487 864 4522 n.
876 4473 935 4521 980.

234 4573 313 4633 Ver..
328 4572 467 4634 lle-ae
