3108 5162
295 547 354 606 998
492 545 549 606 DE
570 543 890 604 lMPEDIMENTlS
910 543 1194 605 MATRIMONII.

295 810 460 870 conceditur
472 810 555 870 facile
575 810 771 887 dispensatio
763 828 792 868 ιιι
813 811 1017 879 missionibus3
1039 810 1089 880 sed
1102 812 1223 884 absque
1239 829 1277 868 ea
1292 809 1396 884 culpam

295 927 410 988 gravem
425 909 583 969 admitteret
597 911 646 984 qui
660 929 708 968 eas
722 908 888 986 negligeret,
904 910 960 967 nisi
979 911 1008 968 in
1029 911 1065 968 iis
1079 929 1178 968 rerum
1206 908 1380 987 adjunctis'
1373 925 1399 964 ιιι

295 1010 401 1084 quibus
427 1022 525 1068 nosset
544 1011 714 1087 episcopum
741 1009 815 1066 velle
841 1019 872 1068 ut
897 1019 1026 1086 pergeret
1047 1011 1109 1067 sine
1135 1028 1250 1068 mora:
1274 1027 1310 1064 v.
1326 1025 1359 1083 g.
1378 1007 1399 1061 si

297 1108 483 1168 moribundus
496 1109 581 1166 vellet
594 1108 703 1185 prolem
717 1109 886 1184 legitimare.
929 1108 1057 1166 Possunt
1070 1107 1237 1181 aliquando
1252 1107 1318 1165 fieri
1330 1113 1400 1162 extra

298 1209 433 1276 Missam,
449 1208 492 1264 vel
506 1207 668 1272 ecclesiam,
682 1207 730 1264 ubi
744 1206 823 1264 adest
835 1207 960 1266 fidelium
974 1225 1142 1277 concursus,
1157 1227 1236 1267 nam
1252 1206 1322 1264 finis
1336 1203 1399 1278 legis

298 1319 342 1366 est
366 1317 397 1365 ut
416 1315 565 1364 moneatur
591 1306 714 1383 populus
738 1305 773 1363 ad
799 1305 986 1384 detegendum
1013 1306 1240 1383 impedimenta.
1286 1299 1398 1371 Quando

298 1423 398 1483 sponsi
391 1403 447 1463 'ad
462 1405 532 1464 duas
553 1405 691 1482 paroecias
705 1405 854 1480 pertinent,
869 1407 1028 1478 inutraque
1042 1405 1181 1466 facienda
1205 1415 1283 1463 sunt
1297 1401 1397 1480 procla·

299 1505 450 1564 motiones.
492 1504 631 1564 Diebuss
628 1505 696 1562 estis
710 1503 879 1580 plerumque
900 1503 1038 1564 faciende
1051 1518 1118 1563 sunt
1131 1503 1395 1582 proclamationes:

298 1603 351 1662 sed
371 1602 408 1660 ob
429 1622 539 1676 aequam
561 1622 675 1663 causam
697 1604 759 1662 aliis
779 1603 890 1671 diebus,
905 1605 1013 1681 populo
1033 1604 1160 1662 adstante
1181 1605 1331 1682 plurimo,
1345 1596 1399 1656 fieri

300 1711 426 1780 possent.
468 1703 539 1762 Post
553 1705 678 1763 ultimam
694 1703 953 1778 proclamationem,
964 1723 989 1761 s1
982 1703 1069 1762 nrhd
1082 1705 1252 1782 objiciatur,
1270 1695 1397 1760 celebrari

300 1813 424 1881 possunt
436 1804 553 1880 nuptie,
567 1804 652 1862 etiam
667 1801 768 1861 eodem
783 1802 839 1861 die.
873 1802 906 1860 Si
925 1802 997 1861 ultra
1010 1802 1081 1861 duos
1096 1822 1218 1862 menses
1234 1801 1398 1861 differantur

302 1903 419 1980 nuptiae,
434 1902 595 1980 repetendo
608 1911 675 1962 sunt
688 1903 934 1978 proclamationes.

345 2005 413 2062 tos.
436 2003 711 2062 Proclarnationibus
734 2001 815 2058 sactis
843 2001 891 2073 qui
915 2003 994 2060 novit
1012 2001 1257 2078 impedimentum
1280 1991 1397 2070 aliquod

303 2101 363 2160 sive
377 2101 559 2170 dirimens,'
536 2121 597 2160 srve
611 2100 783 2177 impediens,
794 2098 863 2158 illud
877 2099 1048 2160 denunciare
1057 2111 1175 2168 tenetur,
1185 2121 1260 2160 nam
1270 2090 1395 2176 praecepti

302 2198 360 2256 ad
352 2209 441 2257 instar
453 2201 535 2267 fiunt,
546 2211 574 2257 et
583 2201 612 2258 in
621 2218 652 2256 re
665 2199 842 2276 gravissima,
854 2201 902 2258 ubi
913 2201 1204 2260 etsacramentinalor
1215 2197 1396 2278 periclitatur,

303 2307 332 2356 et
342 2299 428 2356 tertiae
442 2317 573 2376 persone
587 2299 712 2357 interest.
735 2297 815 2356 Hinc
830 2299 878 2370 qui
892 2301 981 2367 novit,
991 2301 1074 2357 etiam
1088 2301 1142 2357 sub
1154 2311 1273 2358 secreto
1287 2287 1394 2356 naturali

304 2409 333 2456 et
342 2398 516 2477 juramento,
531 2408 642 2458 tenetur
654 2398 725 2458 illud
738 2399 874 2465 revelare,
885 2416 972 2471 quum
986 2417 1044 2457 non
1057 2399 1141 2457 liceat
1150 2411 1309 2464 secretum,
1318 2392 1394 2451 etiam

305 2498 447 2557 firmatum
473 2499 643 2575 juramento,
669 2517 791 2565 servare,
812 2515 877 2555 cum
910 2498 1130 2565 communitatis,
1158 2498 1203 2556 vel
1239 2488 1391 2558 innocentis

305 2595 420 2655 damno.
452 2597 617 2656 Praecedere
631 2597 843 2660 denunciationi
859 2597 976 2654 monitio
990 2596 1110 2654 fraterna
1123 2606 1249 2674 oportet,
1265 2605 1296 2654 ut
1314 2593 1389 2650 samo

306 2695 516 2762 consulatur,'
488 2713 543 2752 nist
536 2695 716 2771 periculum
729 2697 812 2758 sitin
815 2707 906 2752 mora.
899 2696 1153 2796 Ψιεκ-ιιιεειιο
1166 2713 1284 2755 rumore
1292 2682 1390 2762 ahquld

306 2791 414 2858 didicit,
429 2783 798 2851 virteneturdenuntiare':
813 2767 1090 2861 ἰιεΜει-ειιιεειε
1090 2793 1152 2852 lide
1168 2794 1269 2872 digno.
1304 2787 1391 2850 Debet

306 2890 482 2957 denuntiare,
496 2891 546 2962 qui
569 2888 645 2948 certd
666 2892 755 2958 norit,
768 2892 837 2950 licet
857 2889 988 2969 probare
996 2897 1131 2966 nequeat,
1144 2895 1170 2952 si
1189 2893 1301 2968 absque
1320 2900 1389 2967 gt'ffl

307 2987 501 3054 incommodo,
527 2990 574 3048 vel
600 2991 747 3059 scandalo,
771 2991 946 3054 denuntiatio
969 2991 1031 3050 fieri
1052 2995 1154 3069 possit,
1181 2994 1250 3066 quia
1279 2987 1390 3052 ananus

307 3089 414 3168 obligat
432 3089 467 3147 ad
488 3090 701 3168 impediendum
729 3091 835 3150 malum
856 3091 986 3160 aliorum,
1001 3093 1083 3149 etiam
1105 3111 1170 3151 cum
1193 3091 1332 3152 nonnullo
1351 3083 1388 3140 sui

308 3190 502 3250 incommodo.
543 3192 634 3251 Porro
647 3192 730 3251 unius
745 3191 918 3250 denuntiatio
938 3191 993 3250 fide
1008 3192 1093 3268 digna
1106 3192 1174 3249 satis
1194 3202 1238 3251 est
1253 3203 1287 3252 ut
1306 3181 1390 3250 matri·

309 3293 438 3349 monium
461 3289 649 3367 impediatur3
671 3309 759 3364 quum
785 3299 884 3366 agatur
908 3290 944 3348 de
970 3291 1084 3349 vitando
1116 3291 1218 3350 animae
1244 3272 1388 3369 periculo-¹

310 3389 477 3463 Requiritur
490 3400 583 3448 ιειιιειι
607 3402 637 3448 ut
650 3391 713 3468 ipse
723 3391 835 3467 juratus
854 3387 977 3467 deponat
996 3409 1033 3448 ex
1053 3400 1129 3448 certa
1142 3392 1271 3459 scientia,
1287 3389 1342 3450 nisi
1360 3379 1389 3438 de

309 3489 385 3546 fama
411 3499 516 3547 tantum
538 3490 736 3566 impedimenti
756 3490 793 3547 sit
812 3489 997 3548 denuntiatio.
1041 3490 1073 3547 Si
1099 3490 1334 3567 impedimentum
1358 3479 1389 3537 ⁵5¹

309 3589 563 3661 consanguinitatis
587 3590 631 3647 vel
654 3589 807 3655 affinitatis,
821 3591 890 3672 satis
916 3599 1008 3648 estut
1028 3590 1106 3648 testis
1130 3589 1254 3668 deponat
1273 3586 1340 3650 illud
1363 3595 1389 3636 ιθ

310 3679 423 3737 audisse
438 3702 454 3738 a
467 3683 578 3740 duobus
591 3686 647 3742 fide
657 3685 762 3761 dignis,
777 3688 934 3761 prasertim
949 3709 965 3746 a
978 3691 1199 3766 consanguineis
1213 3697 1387 3768 sponsorum·

309 3777 385 3836 Vilis
399 3797 522 3854 persona
542 3799 599 3838 non
614 3781 769 3842 admittitur
782 3784 817 3841 ad
831 3786 1001 3856 testandum,
1011 3790 1068 3848 nisi
1081 3791 1110 3847 in
1124 3791 1160 3848 iis
1174 3809 1237 3863 quae
1251 3788 1322 3848 adeo
1331 3786 1389 3843 sunl

309 3878 431 3948 occulta,
445 3888 476 3938 ut
489 3880 604 3938 nonnisi
619 3899 670 3959 per
679 3881 763 3940 vilem
773 3901 926 3960 personam
940 3889 1053 3964 probari
1067 3899 1181 3963 queant.
1207 3913 1210 3918 ·

352 3984 418 4039 129.
441 3981 530 4040 Fama
542 3981 738 4058 impedimenti
749 3985 817 4042 satis
826 3996 870 4041 est
880 3985 915 4044 ad
926 3987 1139 4063 impediendum
1153 3988 1359 4047 matrimonium
1368 3970 1388 4046 ι’

310 4082 366 4140 nisi
387 4081 545 4141 infirmetur
559 4083 723 4161 juramento
743 4087 1033 4163 consanguineorum.
1076 4088 1300 4147 Probariautem
1314 4081 1391 4144 debet

309 4180 384 4238 lama
398 4174 518 4258 a'jurato
533 4192 621 4242 teste:
643 4203 696 4243 nec
709 4195 804 4262 potest
818 4186 911 4263 judex
925 4205 962 4244 ex
982 4187 1090 4262 privata
1109 4188 1192 4246 lame
1212 4188 1311 4246 notitia
1329 4172 1389 4242 illud

310 4279 466 4355 impedire:
487 4285 589 4358 poterit
609 4293 712 4353 autem,
723 4286 808 4364 juxta
822 4286 853 4344 S.
875 4286 1069 4363 alphonsum,
1083 4297 1111 4345 et
1123 4286 1237 4346 debebit
1248 4281 1387 4363 impedire,

412 4490 455 4555 (l)
475 4489 658 4555 ampulat
670 4509 696 4545 n.
708 4494 765 4543 996.
1027 4496 1070 4562 (9)
1089 4495 1225 4558 Ibidem,n.
1241 4496 1299 4545 999.

1482 186 1494 439 l

295 710 404 771 nullum
436 713 547 770 obstare
574 708 822 788 impedimentum.
864 711 898 770 ln
923 729 980 770 una
1005 669 1144 770 alterave,
1163 709 1394 789 proclamatione
1497 746 1501 765 .

1499 912 1504 1091 .

1500 1078 1507 1428 ι
