3144 5192
2 4251 13 4291 ι

465 515 522 576 DE
544 514 719 575 CASUUM
740 513 1082 574 RESERVATIONE.
1255 518 1316 576 205

230 682 420 742 confessarius
440 701 499 742 non
520 701 607 759 posse
627 681 775 740 absolvere
797 701 814 739 a
843 683 982 751 censuris,
1006 681 1120 756 quaudo
1141 691 1207 740 sunt
1229 700 1318 740 rerer·

230 775 351 837 νιιιιιι.”2

273 883 339 940 170.
361 879 532 958 Peregrinus
552 889 702 956 peccatum
715 887 888 939 reservatum
903 881 932 939 in
947 880 1062 939 dioecesi
1076 880 1106 939 in
1119 899 1176 954 qua
1189 888 1316 939 moratur

230 988 354 1053 patrans,
368 980 550 1038 reservationi
569 981 706 1059 subjacet,
721 981 791 1055 quia
808 981 920 1057 legibus
940 981 998 1039 loci
1018 989 1137 1047 tenetur,
1152 986 1318 1039 nontamen

230 1079 566 1149 excommunicationem,
574 1081 601 1138 si
609 1081 679 1139 forte
693 1079 805 1140 adnexa
817 1081 863 1149 sit,
877 1079 1026 1147 contrahit,
1040 1098 1107 1138 nam
1116 1081 1166 1157 jus
1175 1079 1318 1138 decernit:

231 1185 249 1212 “
261 1179 337 1238 solos
347 1179 476 1239 subditos
488 1179 695 1256 comprehendi
703 1180 756 1238 sub
765 1180 1060 1239 excommunicatione
1069 1180 1125 1238 lata
1135 1179 1169 1236 ab
1182 1180 1320 1256 episcopo

226 1294 278 1352 pro
310 1279 413 1338 futuris
439 1271 601 1338 delictis.'’²
654 1288 673 1316 ‘⁶
684 1280 805 1356 Excipit
830 1280 976 1338 Mazzotta
1004 1279 1315 1339 excommunicationes

231 1368 1320 1456 quasserunturperstatutumrespicienscornmunebonumterritorii,etc.''³

273 1479 340 1537 171.
362 1479 498 1538 Personae
518 1477 595 1536 haud
614 1487 754 1556 exemptoe
774 1487 923 1555 peceatum
942 1486 1113 1536 reservatum
1133 1486 1274 1554 patrantes
1288 1478 1319 1536 ιιι

232 1578 421 1646 monasteriis,
436 1596 486 1636 seu
499 1578 573 1638 locis
586 1577 650 1636 aliis
663 1576 815 1655 exemptis,
827 1578 1047 1636 reservationem
1061 1577 1237 1646 contrahunt,
1253 1578 1319 1649 quia

232 1675 384 1734 reservatio
398 1675 485 1735 afficit
497 1684 665 1755 potestatem
685 1676 933 1745 confessariorum,
949 1677 998 1749 qui
1012 1675 1130 1754 proinde
1143 1695 1207 1735 reos
1221 1676 1317 1736 delicti

232 1772 397 1853 hujusmodi
410 1777 556 1836 absolvere
569 1785 725 1850 nequeunt.

273 1878 341 1935 172.
363 1875 420 1942 Qui
441 1883 603 1954 peccarunt,
617 1885 697 1934 extra
716 1894 796 1933 suam
811 1874 968 1943 dioecesim,
983 1875 1013 1933 in
1034 1874 1089 1933 alia
1108 1873 1139 1932 in
1162 1892 1219 1948 qua
1240 1874 1319 1933 nulla

230 1973 283 2032 fuit
295 1976 460 2045 reservatio,
475 1984 621 2049 nequeunt
633 1975 741 2034 absolvi
754 1975 782 2033 in
798 1975 888 2051 patria
900 1995 916 2032 a
930 1973 1033 2032 delicto
1048 1973 1124 2046 quod
1138 1974 1168 2032 in
1180 1991 1214 2031 ea
1227 1991 1318 2032 reser-

232 2083 320 2143 vatur,
332 2075 399 2150 quia
409 2075 574 2135 confessarii
588 2083 712 2151 potestas
729 2075 763 2132 ab
777 2075 914 2152 episcopo
924 2074 981 2133 loci
994 2072 1107 2150 pendet.

273 2178 340 2234 173.
360 2175 410 2233 Ex
419 2175 549 2233 facultate
562 2173 723 2233 Tridentini
738 2168 868 2232 concilii⁴
880 2173 1011 2251 episcopi
1025 2180 1147 2248 possunt
1169 2172 1314 2230 absolvere

232 2274 398 2350 peregrinos
412 2293 429 2331 e
441 2274 552 2333 casibus
566 2273 653 2350 Papae
672 2275 833 2341 reservatis,
847 2273 932 2332 modo
946 2274 1002 2330 sint
1014 2272 1128 2340 occulti,
1143 2272 1210 2344 quie
1225 2280 1244 2307 “
1253 2271 1318 2330 sub-

233 2368 284 2429 diti
297 2373 381 2432 etiam
395 2371 527 2431 dicuntur
539 2373 608 2432 tales
622 2374 775 2449 peregrini,
790 2373 839 2446 qui
859 2372 963 2431 in-foro
985 2370 1183 2429 sacramentali
1202 2370 1319 2447 subjici·

232 2481 316 2529 untur
329 2472 465 2550 episcopo
485 2467 697 2530 dioecesan0.’'⁵
727 2472 809 2530 idem
828 2472 897 2529 licet
909 2471 1021 2529 vicariis
1035 2469 1250 2547 capitularibus,
1266 2487 1318 2528 seu

234 2568 515 2641 administratoribus,
530 2571 599 2630 sede
617 2580 747 2630 vacante:
763 2581 792 2629 et
802 2572 887 2649 juxta
900 2571 1064 2647 plerosque,
1079 2571 1115 2628 iis
1128 2570 1177 2643 qui
1187 2567 1320 2648 jurisdic-

232 2669 336 2731 tionem
346 2673 428 2745 quasi
438 2670 632 2750 episcopalem
646 2671 761 2730 habent.
802 2671 848 2728 Ea
856 2680 949 2730 autem
963 2669 1080 2729 facultas
1093 2671 1208 2729 nonnisi
1216 2671 1247 2728 iu
1256 2669 1319 2728 foro

231 2772 427 2831 sacramentali
440 2771 600 2830 exercenda
613 2780 666 2828 est.
696 2771 729 2828 Si
751 2771 903 2848 episcopus
926 2771 988 2848 ipse
1011 2770 1141 2829 inciderit
1160 2771 1190 2830 in
1210 2771 1317 2829 crimen

232 2868 407 2946 hujusmodi,
431 2869 564 2948 “poterit
585 2869 720 2949 deputare
749 2873 894 2948 proprium
914 2871 1004 2948 ipsius
1026 2870 1242 2939 confessarium,
1257 2879 1318 2928 esto

232 2968 270 3025 sit
290 2978 370 3028 extra
382 2988 464 3028 suam
478 2970 635 3038 dioecesim,
650 2968 685 3027 ad
705 2989 737 3028 se
757 2970 960 3028 absolvendum
980 2988 1045 3028 cum
1066 2968 1165 3028 eadem
1187 2969 1318 3027 facultate

234 3085 288 3139 qua
301 3068 363 3144 ipse
378 3077 475 3146 posset
488 3069 558 3128 alios
572 3071 627 3130 sibi
643 3069 770 3128 subditos
784 3068 961 3127 absolvere.’'
996 3067 1091 3125 Casus
1105 3077 1198 3126 autem
1213 3067 1317 3126 occulti

232 3177 393 3236 censentur,
408 3167 520 3242 quando
534 3170 644 3246 probati
657 3187 715 3228 non
728 3169 838 3227 suntin
855 3167 976 3246 judicio,
990 3166 1036 3226 vel
1049 3185 1103 3225 non
1126 3166 1218 3244 palem
1239 3167 1319 3224 inno·

234 3273 354 3335 tuerunt,
368 3267 406 3326 ita
424 3280 456 3326 ut
476 3268 554 3326 nulls
579 3269 811 3346 tergiversatione
831 3264 942 3345 possint
960 3266 1055 3325 celari.
1089 3266 1134 3323 Ea
1154 3264 1337 3342 absolvendi,

230 3363 348 3424 facultas
362 3366 472 3426 videtur
484 3368 600 3426 extendi
613 3368 648 3426 ad
662 3369 868 3427 reservationes
883 3367 1007 3425 concilio
1032 3365 1202 3446 Tridentino
1226 3375 1319 3442 poste·

232 3464 330 3536 riores,
345 3468 401 3526 nisi
415 3467 577 3544 specialiter
596 3469 623 3526 ei
637 3468 797 3544 derogetur,
812 3467 852 3524 uti
866 3467 898 3524 fit
910 3467 940 3524 in
957 3464 1041 3524 Bulla
1057 3464 1147 3525 Coeno
1170 3464 1318 3524 Domini:
1362 3453 1369 3466 ’

230 3574 259 3622 et
278 3567 308 3624 in
328 3567 413 3626 Bulla
432 3566 465 3625 S.
493 3567 540 3626 Pii
561 3567 599 3626 V.
623 3567 652 3626 in
680 3585 736 3640 qua
755 3566 893 3625 moniales
912 3566 1075 3643 frangentes
1095 3565 1255 3624 clausuram
1283 3565 1319 3624 ad

231 3665 336 3726 malum
345 3667 443 3736 finem,
455 3667 723 3726 necnonlicentiam
733 3665 932 3735 concedentes,
942 3667 1192 3735 comitantes,ete.,
1204 3684 1321 3726 excom·
1366 3672 1374 3686 ‘

232 3766 415 3825 munioationi
428 3767 587 3845 subjacent,
602 3774 714 3839 “aqua
725 3775 909 3842 preterquam
923 3787 939 3825 a
952 3767 1086 3826 Romano
1100 3767 1252 3835 Pontifice,
1265 3767 1321 3824 nisi

170 3877 175 3887 ·
231 3862 262 3919 in
276 3866 374 3922 mortis
388 3865 515 3934 articulo,
530 3866 640 3924 absolvi
652 3865 827 3938 nequeant.”

274 3965 341 4020 174.
362 3963 504 4040 Episcopi
517 3974 661 4038 nequeunt
673 3965 820 4024 absolvere
835 3985 852 4022 a
864 3965 976 4023 casibus
988 3963 1107 4024 occultis
1121 3960 1272 4020 reservetis
1286 3961 1320 4018 ab

232 4059 295 4121 aliis
308 4062 462 4140 episcopis,
476 4064 543 4137 quia
559 4064 675 4123 facultas
689 4064 859 4123 'l'ridentina
871 4065 990 4140 respicit
1002 4080 1086 4122 casus
1105 4058 1175 4118 Sedi
1195 4060 1320 4136 Aposto-

187 4269 200 4297 ⁴
266 4263 308 4328 (1)
329 4259 359 4309 L.
370 4260 403 4310 ιἰ.
414 4275 439 4311 u.
452 4261 510 4308 590.
754 4261 796 4325 (ι)
811 4257 873 4322 Cep.
885 4257 907 4306 A
920 4257 997 4315 nobis,
1009 4254 1039 4306 de
1050 4258 1112 4305 sent.
1124 4269 1215 4323 ccccm.
1223 4253 1252 4304 ιιι
1264 4255 1287 4302 6.

266 4348 308 4414 (3)
328 4346 355 4395 S.
367 4346 442 4412 Alph.
454 4346 470 4396 1.
482 4345 514 4396 vi.
525 4361 550 4395 n.
563 4348 620 4396 591.
757 4345 800 4410 (4)
820 4342 885 4390 Sese.
898 4341 965 4390 xxiv.
976 4341 1038 4406 Cep.
1047 4339 1138 4389 Liceat

266 4434 308 4499 (b)
327 4431 352 4481 S.
367 4432 442 4496 Alpb.
454 4433 470 4483 1.
482 4432 513 4482 vi.
525 4448 551 4482 n.
563 4434 620 4511 Ι593.
757 4431 799 4494 (6)
818 4425 918 4476 Ibidem.

269 4545 346 4605 v0t.
359 4543 499 4606 tlt-19
