3124 5168
165 591 172 600 ·
212 557 220 568 ¹
271 573 290 630 fi
547 567 604 627 DE
626 564 819 628 MATERIA
840 566 900 627 ΕΤ
918 564 1075 632 Fortun.
1109 617 1111 624 ,

270 739 300 796 in
314 734 487 814 specialibus
500 753 594 794 rerum
608 733 760 813 adjunctis,
775 735 806 794 iu
820 737 924 809 quibus
936 735 1090 794 reservatio
1104 751 1226 804 cessare,
1240 736 1287 794 vel
1299 755 1362 794 sus·

73 834 97 855 ''
164 819 184 892 .’
271 834 369 913 pendi,
383 834 574 896 exEcclesiae
587 844 692 903 ruente,
707 843 855 894 censetur:
870 835 1011 912 parochus
1022 835 1118 902 etiam,
1129 837 1362 896 concurrentibus

206 963 211 974 ·
273 933 448 1014 gravissimis
462 932 666 1004 incommodis,
680 935 829 1013 conjungit
842 933 1049 1012 impedimento
1064 934 1177 994 occulto
1189 935 1362 1004 laborantes,

271 1053 306 1094 ca
323 1035 413 1094 nixus
433 1035 574 1094 sententia
594 1033 671 1107 quod
685 1035 715 1092 in
729 1034 764 1091 iis
784 1052 879 1092 rerum
899 1033 1041 1113 adjunctis
1063 1034 1134 1092 nolit
1153 1034 1287 1093 Ecclesia
1307 1036 1362 1094 im·

272 1134 466 1213 pedimentum
480 1115 624 1212 apponere
637 1152 702 1192 cunr
716 1133 867 1192 manifesto
881 1135 1039 1194 animarum
1052 1132 1166 1192 damno.
1209 1134 1279 1192 Nou
1291 1134 1360 1193 item

271 1236 301 1296 in
321 1233 506 1294 sacramentis
532 1231 723 1310 suscipiendis
733 1241 841 1290 vcenset
861 1231 958 1303 licere,
972 1243 1061 1307 quum
1074 1233 1212 1310 probabili
1225 1234 1362 1311 opinione

271 1337 320 1394 vix
333 1335 373 1392 uti
387 1333 451 1407 quis
465 1335 558 1409 possit
570 1331 678 1404 absque
690 1333 813 1410 proprie
827 1333 929 1392 anime
947 1327 1144 1392 detrimento.¹

311 1437 340 1491 9.
362 1431 397 1491 In
410 1442 538 1492 extusum
550 1433 729 1500 necessitate,
751 1431 817 1491 dum
832 1434 942 1506 scilicet
953 1433 1102 1510 proximus
1116 1432 1207 1491 salute
1220 1431 1359 1509 periclita-

271 1541 326 1601 tur,
339 1531 407 1614 licet
419 1548 630 1606 quamcumque
652 1530 789 1590 adhibere
803 1534 960 1602 materiam,
974 1533 1020 1590 vel
1034 1531 1164 1601 sormam,
1186 1549 1251 1605 quae
1262 1533 1360 1594 forsan

270 1631 403 1700 sufficiat,
424 1631 491 1709 licet
509 1630 595 1690 dubia
617 1632 664 1700 sit,
686 1647 754 1689 nam
774 1649 863 1704 quum
877 1630 1013 1691 Christus
1032 1641 1210 1691 sacramenta
1222 1632 1252 1690 in
1264 1631 1358 1692 homi·

271 1750 342 1793 num
367 1729 488 1790 salutem
514 1731 676 1799 instituerit,
699 1730 762 1788 vult
780 1741 855 1790 certe
877 1739 909 1789 ut
927 1733 955 1791 ei
981 1727 1161 1805 quacumque
1181 1731 1242 1788 fieri
1267 1733 1359 1807 possit

269 1833 379 1892 ratione
393 1831 565 1892 consulatur.
607 1827 686 1889 Hine
710 1829 879 1890 moribundo
902 1831 1043 1908 baptisma
1065 1830 1156 1899 datur,
1176 1831 1201 1889 si
1214 1831 1252 1888 sit
1264 1831 1359 1904 aliqua

269 1933 351 2000 ratio,
367 1931 502 2005 quamvis
511 1930 613 1997 tenuis,
627 1939 657 1987 et
668 1931 786 1996 incerta,
806 1929 939 1989 credendi
962 1948 1028 1988 eum
1042 1929 1072 1988 id
1084 1930 1166 1988 velle.
1207 1930 1358 1989 Absolutio

269 2033 354 2092 etiam
367 2029 532 2088 conceditur
544 2028 656 2088 homini
670 2029 800 2088 sensibus
813 2029 963 2098 destituto;
985 2047 1043 2088 non
1057 2039 1150 2089 autern
1164 2028 1357 2100 Eucharistia,

269 2149 358 2206 quum
373 2147 431 2187 non
444 2137 525 2186 tantae
540 2129 576 2186 sit
588 2129 775 2198 necessitatis,
790 2138 819 2188 et
831 2130 987 2188 reverentia
997 2130 1066 2188 tanti
1075 2129 1242 2187 sacramenti
1252 2129 1356 2187 obstet.

269 2231 409 2291 Extrema
422 2236 515 2286 autem
529 2228 627 2286 unctio
640 2227 703 2285 fieri
716 2237 819 2305 potest,
840 2247 928 2302 quum
942 2229 978 2286 sit
991 2236 1172 2305 peccatorum
1185 2225 1355 2298 remedium,

269 2347 326 2405 quo
339 2327 422 2386 valde
435 2325 544 2404 indiget
556 2336 703 2406 peccator:
725 2335 754 2385 et
772 2327 850 2387 nulla
868 2337 1045 2387 sacramento
1065 2327 1204 2404 irrogetur
1221 2327 1357 2405 injuriae

268 2428 413 2490 sacerdote
427 2426 498 2488 illud
512 2447 550 2487 ex
564 2428 664 2487 animae
678 2427 776 2489 salutis
790 2427 884 2488 studio
899 2427 1071 2488 conserente.
1113 2427 1243 2485 Tenetur
1263 2437 1356 2486 autem

267 2528 401 2589 sacerdos
415 2529 444 2587 in
459 2537 587 2587 extrema
606 2528 775 2586 necessitate
796 2529 901 2604 posito,
923 2536 1061 2601 quatenus
1074 2526 1166 2604 possit
1178 2544 1354 2595 succurrere,

267 2630 352 2689 dubia
364 2627 432 2685 licet
443 2627 569 2684 materia.

309 2730 356 2783 10.
377 2723 485 2782 Forma
497 2722 587 2782 semel
600 2722 708 2800 prolata
721 2742 779 2784 non
799 2734 843 2783 est
861 2745 948 2805 supra
961 2728 1082 2787 candem
1095 2725 1239 2785 materiam
1252 2727 1356 2784 iteran-

266 2825 319 2884 da:
341 2841 429 2898 quum
443 2823 521 2881 enirn
535 2831 742 2882 sacramentum
756 2825 929 2896 conficiatur,
952 2827 1045 2887 sorma
1064 2808 1187 2886 materiae
1206 2843 1291 2883 usum
1306 2824 1356 2884 de·

265 2927 394 2990 finiente,
409 2922 554 2980 iteratione
568 2922 630 2999 ejus
644 2940 716 2999 opus
729 2942 787 2983 non
801 2933 855 2982 est.
889 2927 1066 2988 Sacramenti
1080 2947 1096 2984 a
1109 2924 1227 2984 Christo
1240 2934 1354 2984 auctore

265 3025 388 3104 dignitas
408 3040 477 3081 sane
503 3020 622 3091 lreditur,
643 3020 711 3081 dum
735 3025 821 3082 verba
840 3025 976 3086 divinitus
1002 3027 1139 3091 instituta,
1161 3025 1209 3083 vel
1235 3043 1298 3098 quae
1321 3025 1355 3082 ab

265 3125 399 3185 Ecclesia
408 3122 443 3181 ad
457 3122 591 3182 divinitus
602 3123 658 3182 sibi
669 3125 836 3182 concreditae
851 3127 998 3202 potestatis
1009 3123 1177 3182 exercitium
1189 3125 1354 3200 praescripta

265 3234 340 3293 sunt,
356 3225 461 3281 frustra
473 3221 664 3299 proferuntur.
705 3220 817 3282 Idcirco
831 3231 939 3300 peccat,
960 3223 1020 3295 qui,
1041 3228 1107 3297 post
1120 3221 1207 3278 verba
1221 3223 1354 3300 baptismi

265 3325 317 3382 rite
331 3319 449 3399 prolata,
464 3318 532 3377 dum
552 3319 656 3380 ablutio
678 3319 768 3389 fieret,
790 3341 824 3380 ea
844 3324 941 3381 iterat:
964 3323 1009 3380 vel
1030 3321 1080 3394 qui
1099 3320 1184 3378 verba
1207 3341 1354 3381 consecra·

265 3421 352 3481 tionis
365 3420 427 3501 pari
442 3419 549 3482 ratione
562 3419 674 3496 repetit.
717 3421 891 3496 Plerumque
912 3431 1007 3481 tamen
1027 3422 1137 3480 iteratio
1157 3423 1296 3496 contingit
1316 3440 1354 3482 ex
1392 3437 1401 3452 ·

265 3522 352 3581 animi
366 3519 538 3586 infirmitate,
560 3528 589 3575 et
608 3520 753 3576 memoris
769 3520 891 3588 delectu,
905 3522 951 3578 vel
964 3529 1058 3580 mente
1072 3519 1215 3596 scrupulis
1228 3520 1332 3596 agitata
1344 3542 1351 3588 3
1426 3555 1428 3559 ,
1517 3503 1526 3538 '³

264 3631 292 3678 et
305 3619 384 3696 gravi
396 3616 502 3675 idcireo
517 3614 601 3691 culpa
613 3622 697 3672 caret.
739 3616 829 3676 Nulla
843 3626 936 3678 autem
950 3628 993 3676 est
1013 3621 1098 3697 culpa
1111 3639 1145 3678 ea
1158 3621 1273 3689 iterare,
1288 3637 1354 3678 con·

264 3719 372 3778 ditione
387 3723 482 3774 mente
496 3722 646 3791 concepta,
667 3715 692 3772 si
715 3714 856 3774 dubitetur
875 3718 1058 3794 probabiliter
1070 3730 1163 3778 utrum
1177 3719 1230 3776 rite
1244 3719 1353 3797 prolata

264 3817 378 3886 luerint,
392 3815 433 3874 uti
446 3814 528 3874 facile
542 3814 707 3890 contingere
720 3824 825 3893 potest,
840 3828 935 3877 mento
950 3819 986 3878 ad
999 3819 1053 3878 alia
1066 3827 1215 3897 evagante.

612 4017 653 4084 (1)
673 4017 748 4082 Apud
760 4019 786 4067 S.
800 4019 875 4086 Alph.
885 4022 900 4071 l.
913 4021 929 4071 i.
940 4037 965 4071 n.
977 4023 1018 4075 51.
