3144 5192
262 535 322 590 250
541 525 744 588 ceuoNEs
765 525 1074 588 POENI'I'ENTIAE.

301 697 334 756 Si
347 697 412 770 quis
422 695 566 773 jejunium
578 705 698 770 quatuor
707 695 888 774 Temporum
899 712 957 755 non
966 693 1141 764 custodierit,
1150 699 1297 774 poenitens
1309 699 1367 757 erit

261 795 322 855 dies
336 796 521 874 quadraginta
534 797 563 855 in
578 813 652 874 pane
665 804 694 854 et
706 813 789 868 aqua.

265 1025 402 1088 Curiones
415 1033 581 1107 spectantes
589 1033 713 1106 peccato
728 1031 832 1086 contro
845 1032 988 1103 quartum
1002 1023 1151 1105 Decalogi
1160 1035 1366 1107 pracceptum.

304 1201 363 1268 Qui
376 1198 540 1277 parentibus
554 1197 744 1266 maledixerit,
759 1195 944 1276 quadraginta
956 1195 1018 1256 dies
1032 1198 1172 1275 poenitens
1186 1199 1264 1259 sitin
1281 1218 1365 1276 pane

264 1309 292 1358 et
305 1317 388 1371 aqua.

304 1397 362 1463 Qui
375 1404 505 1472 parentes
519 1395 623 1473 injuria
636 1395 771 1465 affecerit,
787 1405 843 1454 tres
858 1414 958 1454 anuos.

304 1495 361 1562 Qut
376 1496 557 1572 percusserit,
574 1513 663 1554 annos
678 1507 799 1572 septem.

308 1594 367 1662 Qui
380 1594 532 1670 expulerit,
544 1593 638 1653 tandiu
653 1595 804 1671 paenitens,
815 1593 939 1667 quandiu
950 1595 980 1652 in
990 1593 1132 1670 impietate
1141 1597 1344 1670 permanserit.

305 1695 338 1752 Si
349 1695 415 1766 quis
424 1704 523 1752 contra
531 1694 722 1770 Episcopum,
734 1694 894 1762 Pastorem,
906 1703 934 1752 ct
942 1694 1057 1752 Patrem
1069 1712 1151 1753 suum
1160 1695 1363 1758 insurrexerit,

266 1794 295 1851 in
310 1795 483 1852 monasterio
496 1794 628 1852 omnibus
642 1792 743 1852 diebus
757 1796 820 1853 vitae
834 1811 894 1851 suae
908 1793 1102 1870 prenitentiam
1117 1798 1192 1871 aget.

307 1894 340 1953 δί
354 1896 419 1968 quis
433 1902 532 1953 contra
544 1893 724 1970 Episcopum
738 1893 953 1970 conspiraverit,
964 1891 1052 1970 gradu
1061 1910 1114 1952 suo
1127 1893 1316 1952 amovebitur.

307 1995 340 2054 δί
354 1995 418 2068 quis
427 1993 562 2079 episcopi
566 1993 622 2059 sui,
631 1992 878 2052 autministrorum
891 1993 966 2070 ejus,
981 1992 1026 2050 vel
1034 1992 1152 2068 parochi
1160 1994 1205 2051 sui
1219 2003 1366 2070 praecepta

266 2094 479 2170 contempserit,
489 2093 535 2151 vel
548 2093 675 2160 irriserit,
684 2093 879 2168 poenitentiam
894 2101 958 2168 aget
968 2092 1029 2150 dics
1043 2091 1228 2170 quadraginta
1241 2093 1270 2150 in
1283 2107 1361 2168 pane

267 2201 296 2248 et
309 2209 391 2264 aqua.

271 2402 408 2464 Oenones
423 2411 589 2483 spectantes
597 2412 722 2484 peccato
737 2411 842 2465 contro
855 2405 996 2483 quintum
1009 2402 1159 2484 Decologs'
1166 2409 1362 2483 pracceptum.

308 2581 366 2646 Qui
380 2580 579 2656 presbyterum
592 2579 737 2647 occiderit,
751 2580 947 2656 poenirentiam
961 2589 1026 2657 aget
1041 2597 1131 2639 annos
1145 2577 1306 2638 duodecim.

307 2677 341 2736 Si
354 2679 418 2749 quis
433 2678 589 2753 Presbyter
602 2679 802 2754 presbyterum
815 2677 963 2746 occiderit,
973 2679 1167 2756 poenitentiam
1180 2687 1253 2756 aget,
1269 2695 1361 2737 annos

268 2776 369 2852 viginti
382 2784 457 2832 octo.
810 2787 813 2794 ’

307 2873 340 2928 δί
354 2873 418 2945 quis
429 2871 631 2949 presbyterum
645 2872 730 2931 annis
744 2882 842 2933 contra
855 2893 886 2933 se
900 2875 1054 2935 irruentem
1060 2875 1207 2944 occiderit,
1218 2876 1361 2953 poeniteus

268 2972 321 3030 erit
334 2972 417 3030 annis
431 2971 541 3030 decem.

239 3147 242 3153 .
292 3071 341 3131 .δί
362 3072 427 3147 quis
447 3080 556 3152 patrem
578 3082 627 3131 aut
646 3083 776 3141 matrem,
791 3072 906 3132 fratrem
926 3083 974 3133 aut
986 3091 1114 3133 sororem
1135 3073 1278 3141 occiderit,
1300 3083 1360 3132 toto

268 3173 333 3232 vitae
356 3155 420 3232 suae
441 3183 568 3250 tempore
588 3192 646 3231 non
671 3173 811 3250 suscipiat
837 3172 952 3250 Corpus
977 3173 1106 3240 Domini,
1127 3174 1183 3234 nisi
1204 3174 1233 3231 in
1259 3173 1357 3233 obitu:

269 3272 407 3330 abstineat
425 3292 441 3330 a
461 3291 545 3331 carne
566 3281 595 3330 et
613 3273 681 3331 vino
701 3272 769 3332 dum
790 3274 910 3342 vixerit;
927 3273 1039 3351 jejunet
1058 3272 1194 3341 secunda,
1208 3282 1315 3345 quarta,
1328 3284 1357 3331 et

242 3410 245 3414 -
269 3380 352 3428 sexta
364 3370 442 3430 feria.
1160 3359 1162 3364 ⁵
1363 3447 1366 3453 Ι

309 3470 343 3528 Si
357 3481 451 3530 eutem
465 3471 572 3530 nolenti
587 3470 698 3539 eccidit,
713 3469 813 3530 decem
827 3472 909 3530 annis
922 3472 1055 3548 poeniteat
1071 3469 1182 3550 judicio
1195 3469 1358 3530 sacerdotis.

309 3570 368 3638 Qui
386 3569 543 3628 voluntarie
556 3569 647 3628 filium
667 3588 764 3637 suurn,
779 3579 828 3629 aut
846 3571 933 3629 filiam
947 3589 1039 3640 suam,
1054 3571 1100 3629 vel
1120 3589 1297 3648 germanum,
1312 3580 1360 3628 aut

270 3684 434 3743 germanam
455 3685 536 3725 suam
557 3667 701 3735 occiderit,
716 3668 842 3741 quinque
862 3670 945 3728 annis
965 3679 1045 3730 extra
1059 3678 1147 3729 metas
1167 3671 1259 3746 ipsius
1279 3681 1359 3728 terrea
1400 3729 1405 3739 ,

270 3764 338 3823 exul
351 3765 409 3832 fiat,
423 3762 558 3842 deinceps
572 3767 673 3843 viginti
687 3767 768 3825 annis
782 3768 925 3844 poeniteat.

312 3863 384 3932 Qum
405 3864 510 3924 mulier
527 3865 603 3923 filios
624 3883 694 3924 suos
713 3868 831 3935 necarit,
845 3877 959 3945 peracta
977 3869 1121 3947 septennii
1140 3869 1316 3946 poenitentis,
1330 3870 1360 3927 in

271 3965 474 4026 monasterium
488 3964 602 4024 detrusa
615 3967 800 4028 monasticam
816 3968 901 4028 vitam
916 3978 1054 4046 perpetuo
1066 3967 1233 4047 regulariter
1246 3979 1319 4046 aget.

310 4066 344 4126 δί
359 4085 421 4140 quac
434 4065 546 4135 mulier,
561 4074 627 4144 post
640 4078 762 4144 partum,
777 4069 879 4140 filium,
894 4069 1041 4143 filiamque
1054 4077 1156 4146 sponte
1176 4066 1357 4134 interfecerit,

271 4167 468 4241 poenitentiam
487 4175 551 4244 aget
563 4185 653 4226 annos
667 4167 828 4237 duodecim,
843 4179 871 4227 et
883 4187 1028 4242 nunquam
1042 4169 1095 4226 erit
1108 4169 1170 4228 sine
1184 4166 1360 4244 peonitentia.

310 4265 499 4344 Paupcrcula,
514 4266 541 4324 si
553 4267 590 4326 ob
603 4265 797 4328 difficultatem
811 4267 953 4328 nutriendi
966 4268 996 4327 id
1008 4267 1116 4338 fecerit,
1130 4286 1221 4328 anuos
1235 4276 1356 4345 septem.

245 4433 247 4438 ι
311 4363 345 4422 δί
371 4384 435 4438 quac
462 4366 563 4425 mulier
588 4379 691 4446 sponte
719 4370 848 4428 abortum
868 4368 975 4438 feeerit,
1000 4369 1194 4445 poenitentiam
1215 4376 1281 4445 aget
1305 4373 1361 4422 tres

272 4479 382 4529 annos;
397 4464 422 4521 si
435 4463 545 4533 nolens,
561 4466 792 4546 quadragesimas
806 4477 872 4525 tres.
