3124 5168
282 1684 405 1743 Pnnonr
419 1693 447 1742 et
458 1701 495 1742 ex
508 1684 608 1743 litteris
621 1684 839 1762 Archiepiscopi
853 1683 1007 1752 Edesseni,
1017 1683 1121 1762 ignatii
1130 1681 1265 1742 Oadolini
1281 1682 1331 1756 qui

243 1801 380 1877 deinceps
394 1802 425 1860 in
437 1801 558 1861 Sacrum
580 1800 745 1880 Collegium
767 1801 963 1861 cardinalium
984 1809 1133 1876 cooptatus
1156 1809 1211 1868 est,
1225 1796 1332 1871 aliquid

242 1914 420 1994 depromere.
470 1955 472 1958 v

281 2051 410 2109 “Mirari
423 2059 516 2108 auteur
530 2052 598 2108 satis
609 2069 667 2111 non
682 2025 812 2128 possum,
822 2050 900 2122 quod
912 2050 985 2107 inter
998 2056 1038 2106 tot
1051 2047 1330 2122 tantosquelabores,

242 2183 313 2236 quos
327 2165 356 2224 in
370 2164 490 2224 colenda
508 2167 592 2224 vinea
605 2164 725 2247 Domini
745 2165 861 2224 assidue
874 2165 931 2222 huc
945 2181 1036 2236 usque
1051 2162 1202 2239 pertulisti,
1216 2169 1329 2238 tempus

243 2299 356 2354 qnoque
370 2281 498 2341 invenire
510 2280 643 2350 valueris,
658 2300 715 2354 quo
729 2282 852 2358 scriptis,
867 2281 959 2354 iisque
969 2277 1147 2352 doctissimis
1162 2297 1194 2335 ao
1204 2277 1329 2336 disertis·

242 2397 333 2466 simis,
344 2395 501 2454 Catholicae
513 2396 673 2473 Religionis
682 2396 793 2455 utilitati
806 2395 982 2455 consuleres.
1004 2395 1070 2470 Ego
1083 2395 1160 2452 enim
1171 2412 1207 2451 ex
1220 2394 1330 2470 integro

241 2515 364 2590 primunr
378 2514 514 2574 volumen
526 2515 645 2591 perlegi,
661 2523 744 2588 atque
758 2531 796 2572 ex
809 2533 843 2572 eo
852 2521 957 2586 quanta
969 2513 1055 2570 totius
1064 2511 1158 2588 operis
1169 2510 1331 2588 praestantia

241 2631 279 2688 sit
294 2632 382 2708 probe
395 2629 532 2689 intellexi.
566 2630 613 2688 Eo
635 2618 735 2690 autem*
749 2649 818 2689 usus
841 2649 873 2687 es
888 2626 1035 2696 methodo,
1051 2646 1113 2700 quae
1133 2645 1198 2686 meo
1214 2626 1330 2701 quidem

229 2743 347 2825 vjudicio
373 2745 624 2803 Missionariorum
646 2745 798 2822 exigentiis
819 2744 865 2802 vel
888 2742 1014 2802 maxime
1040 2751 1083 2798 est
1105 2740 1328 2800 accommodata.

243 2859 434 2926 Quamobrem
449 2859 519 2918 illud
532 2859 602 2918 mihi
615 2871 707 2918 ratum
720 2879 894 2934 suasnmque
914 2868 967 2926 est,
979 2857 1170 2936 dogmaticum
1178 2857 1329 2934 theologiae

243 2993 314 3053 opus
337 2974 414 3048 quod
438 2975 593 3052 perfecisti,
607 2984 665 3034 tum
686 2978 786 3035 ceteris
807 2994 950 3035 sacrarum
976 2976 1158 3034 scientiarum
1182 2973 1327 3041 studiosis,

242 3111 306 3150 cum
320 3093 478 3169 praesertim
492 3092 684 3150 Missionariis
698 3093 811 3160 nostris,
822 3093 881 3151 fore
896 3091 1023 3167 apprime
1038 3088 1248 3168 profuturnm.’'

310 3265 394 3314 Ronrn
410 3266 443 3312 26
461 3263 589 3315 chunru.
610 3266 682 3317 leto,
