3144 5192
573 563 631 622 DE
653 561 1007 623 SATISFACTIONE.
1281 565 1337 623 183

244 745 335 804 copus
360 727 423 804 ipsc
446 726 477 787 id
504 729 615 807 jubeat.
657 728 861 790 confessarius
887 747 946 788 non
971 727 1055 788 debet
1079 727 1164 788 elicui
1189 728 1339 807 injungere

245 827 442 904 poenitentiem
455 828 610 904 publicam,
624 830 710 889 etiam
724 830 819 888 minus
833 828 1003 896 solemnem,
1016 845 1052 884 v:
1067 846 1102 905 g:
1119 825 1196 901 quod
1205 827 1236 886 in
1249 827 1340 886 eccle·

247 927 290 986 sia
302 943 334 984 se
346 943 442 985 coram
456 927 589 987 omnibus
602 927 743 998 humiliet,
758 928 953 1006 poenitentiam
966 926 1115 1005 professus
1129 925 1242 985 delicti:
1260 925 1338 1001 quod

247 1043 301 1084 nec
313 1026 466 1102 parochus,
481 1027 587 1100 absque
601 1030 732 1106 episcopi
745 1029 838 1097 venia,
853 1026 937 1086 debet
944 1027 1064 1104 jubere:
1087 1027 1128 1084 nil
1147 1035 1242 1086 autem
1265 1035 1340 1086 vetet

247 1126 403 1200 utpublica
417 1125 548 1197 quadam
569 1127 724 1187 satisfactio
744 1128 916 1204 injungatur,
938 1144 973 1183 v:
998 1145 1033 1202 g:
1058 1135 1090 1183 ut
1109 1126 1215 1202 scripto
1238 1136 1339 1184 retrac-

246 1231 338 1282 tentur
357 1242 486 1294 errores;
513 1234 545 1282 ut
573 1244 668 1284 coram
689 1235 762 1284 coetu
789 1225 913 1299 quodam
933 1243 1083 1303 perperam
1109 1223 1185 1282 dicte
1213 1234 1337 1283 revocet.

246 1321 330 1398 Saepe
343 1323 406 1383 sola
419 1324 484 1383 vitae
504 1325 536 1383 in
559 1325 662 1383 melius
686 1326 851 1392 mutatione,
873 1333 903 1382 et
922 1324 1033 1402 pietatis
1047 1322 1142 1383 studio
1155 1341 1218 1396 quae
1232 1333 1340 1400 patrata

245 1429 312 1479 sunt
325 1423 401 1481 mala
413 1423 602 1481 emendantur
614 1431 643 1481 et
655 1425 800 1492 tolluntur,
816 1424 929 1497 absque
938 1432 1013 1481 tanta
1026 1423 1191 1500 poenitentis
1205 1422 1339 1482 humilia·

247 1517 351 1579 tione.1
391 1521 549 1581 Vitandnm
570 1521 670 1581 sedulo
691 1541 728 1581 ne
754 1521 822 1595 quid
843 1523 1005 1600 injungatur
1030 1522 1188 1598 penitenti,
1216 1540 1254 1581 ex
1280 1539 1338 1596 quo

246 1620 357 1695 peccati
370 1622 471 1696 patrati
483 1622 589 1680 oriatur
602 1623 740 1700 suspicio,
760 1640 827 1679 nam
847 1622 932 1679 saluti
954 1621 1027 1697 ejus,
1051 1622 1158 1694 absque
1179 1620 1261 1680 famae
1282 1620 1339 1679 dis·

246 1718 363 1794 pendio‚
377 1719 587 1778 consulendum
607 1730 668 1779 est:
690 1720 767 1794 quod
780 1721 805 1777 si
818 1718 960 1797 ejusmodi
972 1719 1080 1779 laboret
1092 1721 1171 1788 vitio,
1186 1719 1263 1793 quod
1277 1720 1338 1779 tolli

245 1827 369 1890 nequeat
389 1820 495 1891 absque
518 1819 600 1876 famae
621 1819 796 1886 discrimine,
817 1828 893 1876 recte
914 1819 941 1877 ei
955 1817 1079 1895 injungit
1098 1819 1288 1878 confessarius
1302 1837 1337 1878 ea

245 1935 310 1989 que
323 1916 484 1976 necessarid
498 1917 638 1986 facienda,
653 1919 697 1977 vel
711 1917 846 1995 fugienda
866 1926 942 1985 sunt,
968 1917 1037 1975 licet
1056 1918 1132 1976 fama
1154 1918 1249 1975 forsan
1264 1919 1337 1994 peri·

245 2012 382 2074 ditetur?
406 2016 566 2095 -Sicjubet
578 2017 719 2085 ancillam,
744 2018 789 2075 vel
809 2029 959 2095 cognatam
983 2016 1100 2085 dimitti,
1122 2017 1254 2088 quamvis
1275 2035 1336 2074 sus·

245 2115 320 2192 picio
333 2115 547 2175 consuetudinis
562 2135 655 2193 pravae
669 2115 735 2177 iude
748 2116 820 2174 forte
833 2117 937 2176 oritura
950 2117 1003 2174 sit:
1019 2116 1151 2193 prohibet
1163 2114 1284 2184 medico,
1299 2134 1335 2174 ne

245 2215 396 2274 mulierum
409 2216 525 2274 morbos
539 2225 637 2292 pergat
649 2233 757 2284 curare,
772 2217 822 2289 qui
836 2215 864 2274 id
877 2217 931 2275 sibi
945 2225 1049 2274 certam
1064 2216 1220 2293 perniciem
1235 2215 1336 2274 afferre

245 2314 340 2372 novit:
361 2314 485 2392 injungit
497 2314 623 2392 parocho
644 2325 676 2374 ut
696 2333 810 2382 munus,
831 2315 908 2388 quod
923 2314 1039 2392 indigne
1052 2323 1177 2383 exercet,
1191 2317 1221 2374 in
1235 2333 1336 2374 manus

245 2412 374 2490 episcopi
387 2415 523 2490 resignet.
544 2413 618 2472 Haec
631 2422 725 2474 tamen
738 2414 923 2492 intelligenda
933 2423 1000 2473 sunt
1009 2423 1076 2491 post
1085 2412 1212 2473 remedia
1222 2415 1336 2473 mitiora

246 2512 349 2570 frustra
361 2511 494 2572 adhibita.

286 2614 353 2669 109.
375 2611 504 2672 Terretur
516 2613 659 2688 poenitens
680 2613 904 2693 satisfactionem
918 2631 935 2672 a
947 2611 1123 2671 confessario
1138 2612 1337 2690 praescriptam

243 2720 390 2786 acceptare
403 2720 432 2769 et
444 2712 575 2790 implere,
590 2731 655 2786 qne
667 2712 798 2771 habenda
811 2720 855 2772 est
867 2731 959 2786 ecqua,
972 2713 1029 2772 nisi
1050 2720 1162 2772 constet
1173 2729 1237 2770 eam
1250 2711 1336 2770 nimis

244 2808 391 2869 difficilem
404 2829 468 2869 esse
481 2821 511 2870 et
522 2811 596 2869 ultra
609 2811 684 2871 vires
698 2813 875 2888 poenitentis,
899 2811 945 2872 vel
970 2813 1138 2890 gravissima
1151 2829 1249 2870 secum
1263 2810 1337 2868 ferre

226 2948 230 2955 -
244 2907 425 2967 incommoda
435 2929 443 2966 ε
454 2972 456 2980 ,
466 2929 523 2983 quo
546 2929 616 2969 casu
629 2911 728 2970 licebit
739 2911 884 2972 humiliter
904 2930 970 2970 suas
983 2913 1107 2971 rationes
1120 2929 1276 2987 exponere,
1290 2909 1337 2968 vel

242 3005 375 3066 recedere
402 3009 509 3081 absque
535 3006 725 3079 absolutione,
749 3020 778 3068 et
800 3010 968 3070 confessarii
994 3010 1066 3070 alius
1080 3010 1162 3086 probi
1176 3009 1336 3086 prudentis·

243 3123 299 3179 que
312 3125 344 3166 se
358 3107 459 3166 sistere
475 3107 597 3186 judicio.
638 3109 785 3183 Equidem
805 3109 961 3168 sacerdotis
982 3117 1026 3166 est
1042 3107 1184 3185 judicare,
1208 3107 1276 3179 quid
1299 3107 1337 3164 sit

244 3205 466 3284 injungendum.
508 3207 595 3275 Quod
608 3208 634 3265 si
647 3211 790 3284 poenitens
804 3211 866 3288 ejus
880 3208 1002 3267 declinet
1016 3206 1158 3286 judicium
1173 3223 1286 3278 equum
1300 3223 1337 3263 ex

243 3305 333 3364 animi
346 3305 470 3375 levitate,
485 3306 575 3366 velut
590 3308 718 3367 mitiores
732 3307 813 3367 adeat
826 3309 928 3368 anime
942 3309 1105 3368 morborum
1116 3303 1337 3373 medicos,vide·

244 3413 290 3462 tur
302 3423 424 3482 peccare
437 3407 568 3483 graviter.
611 3415 632 3442 “
644 3407 676 3465 Si
690 3408 854 3484 poenitentia
868 3407 951 3466 facile
964 3415 1064 3484 posset
1074 3407 1109 3463 ab
1122 3423 1158 3462 eo
1171 3403 1295 3486 impleri,
1309 3411 1337 3461 et

244 3505 335 3564 nollet
356 3523 394 3564 ex
418 3523 497 3567 mera
515 3505 625 3564 desidia
638 3505 716 3565 illam
737 3517 893 3584 acceptare,
917 3526 950 3565 ac
969 3526 1035 3565 cum
1049 3505 1106 3564 levi
1119 3503 1227 3562 absolvi
1240 3503 1335 3570 vellet,

243 3624 301 3664 non
315 3603 428 3664 videtur
441 3623 528 3682 posse
542 3609 675 3666 excusari
686 3625 702 3664 a
715 3615 832 3684 peccato
845 3599 973 3684 gravi.”³

286 3709 354 3764 110.
378 3705 474 3764 Grave
488 3713 689 3782 cstpeccatum
704 3707 901 3784 poenitentiam
919 3723 1034 3784 gravem
1047 3705 1085 3763 ob
1104 3711 1222 3781 peccata
1240 3703 1339 3780 gravia

243 3803 420 3879 impositam,
434 3804 480 3863 vel
499 3805 651 3864 notabilem
673 3806 736 3884 ejus
755 3815 876 3883 partem,
890 3806 1039 3865 omittere:
1061 3823 1127 3864 nam
1141 3822 1187 3862 res
1208 3802 1286 3861 omni
1299 3819 1337 3860 ex

245 3909 325 3978 parte
346 3904 438 3979 gravis
459 3914 520 3962 est:
542 3923 579 3961 v:
601 3923 639 3981 g:
660 3905 685 3962 si
698 3915 807 3982 septem
821 3905 925 3982 psalmi
939 3903 1147 3982 poenitentiales
1161 3902 1336 3966 omittantur,

244 3999 290 4058 vel
317 4001 445 4073 quinque
471 4001 592 4060 decades
618 4003 733 4063 Rosarii
759 4004 795 4062 B.
822 3998 878 4064 V.⁴
922 4004 1027 4062 Utrum
1054 4003 1147 4078 possit
1172 3997 1338 4076 poenitentia

242 4097 339 4177 gravis
349 4100 402 4158 sub
415 4099 592 4179 leviinjungi
601 4112 730 4176 quaerunt
739 4103 865 4180 theologi
876 4124 885 4172 3
900 4101 951 4162 sed
961 4110 1037 4162 recte
1046 4099 1114 4158 dicit
1124 4099 1156 4155 S.
1168 4095 1337 4172 Alphonsus

242 4200 335 4258 teneri
355 4199 575 4270 confessarium,
592 4203 677 4280 juxta
696 4202 909 4271 Tridentinum,
924 4202 977 4260 sub
996 4199 1075 4278 gravi
1095 4215 1158 4256 eam
1178 4195 1337 4272 injungere,

244 4300 377 4372 quamvis
392 4298 476 4358 aliam
486 4301 646 4378 graviorem
660 4302 713 4360 sub
725 4301 794 4369 levi,
808 4302 855 4362 vel
874 4299 988 4360 consilii
1000 4301 1098 4366 instar,
1113 4293 1216 4354 addere
1235 4294 1337 4371 possit.

280 4459 324 4526 (l)
343 4457 370 4508 S·
380 4459 456 4524 Alph.
468 4461 484 4510 1.
493 4460 525 4511 ri.
538 4477 564 4511 n.
575 4463 633 4513 tte.
807 4461 849 4528 (2)
868 4458 932 4508 Vide
944 4457 1041 4508 Sueten
1053 4456 1116 4523 disp.
1128 4456 1215 4508 xxxiii.
1227 4459 1251 4518 ξ.
1261 4455 1303 4508 vii.

282 4543 327 4611 (θ)
346 4542 373 4594 ⁸·
384 4544 460 4612 Aion
474 4546 491 4598 1.
502 4545 534 4596 vt
545 4562 571 4597 n.
583 4549 642 4597 cre.
812 4545 854 4612 (4)
873 4542 973 4604 nucu,
984 4559 1010 4594 n.
1022 4545 1080 4592 ors.
