3144 5192
555 543 611 603 DE
634 542 983 603 SATISFAOTIONE.
1257 549 1312 604 181

226 711 421 774 necessarium
444 711 535 770 estin
556 711 658 770 anime
684 710 853 777 remedium,
869 708 951 768 debet
969 711 1086 769 omnino
1112 710 1233 788 injungi,
1248 729 1312 770 narn

229 813 313 872 saluti
336 811 477 888 imprimis
498 809 646 868 consulere
670 819 797 887 oportet:
819 819 848 867 et
860 808 1048 868 inhumanum
1069 819 1112 868 est
1131 810 1313 886 periclitanti,

228 912 315 970 ctiam
328 929 393 968 cum
406 912 468 988 ejus
477 909 584 975 dolore,
600 927 658 968 uon
670 927 844 967 succurrere.
868 907 988 966 Nemini
1001 918 1096 968 tamen
1110 909 1317 987 injungendum

227 1018 272 1070 est
290 1010 319 1068 in
332 1010 539 1086 poenitentiam,
553 1015 585 1066 ut
605 1009 773 1086 religionem
792 1006 984 1085 ingrediatur:
999 1026 1045 1066 res
1068 1009 1146 1067 enim
1166 1016 1211 1066 est
1230 1009 1315 1067 nimis

230 1108 316 1167 ardua
336 1127 422 1182 quam
442 1117 474 1168 ut
492 1109 578 1186 jussu
599 1106 754 1166 sacerdotis
768 1097 950 1184 suscipiatur.
993 1107 1057 1165 Neo
1082 1108 1148 1166 licet
1167 1109 1317 1186 injungere

228 1207 402 1267 matrimonii
416 1207 638 1285 susceptionem,
653 1225 740 1279 quum
755 1216 783 1263 et
795 1207 856 1264 hec
869 1207 958 1265 libera
968 1223 1034 1264 esse
1047 1200 1173 1265 debeat.¹

272 1311 340 1366 104.
361 1308 434 1374 Quae
448 1309 477 1366 in
491 1323 606 1385 poenam
630 1315 810 1383 peccatorum
831 1307 974 1382 precipue
988 1306 1184 1383 injunguntur,
1198 1314 1321 1382 possunt

229 1407 361 1485 graviora
373 1424 448 1475 esse,
463 1406 507 1464 vel
520 1405 639 1473 leviora,
653 1413 740 1482 prout
752 1404 781 1461 in
795 1403 923 1462 Domino
941 1403 1111 1482 judicaverit
1127 1405 1319 1464 confessarius

230 1505 366 1582 expedire
380 1507 410 1564 in
425 1506 526 1564 animae
540 1505 671 1562 salutem.
714 1502 860 1575 Equidem
880 1503 988 1560 scelera
1001 1503 1171 1580 gravissima
1183 1504 1320 1580 preniten-

231 1605 270 1663 tia
283 1604 437 1662 admodum
451 1623 551 1663 severa
563 1603 673 1679 expiari
686 1601 799 1670 debent,
820 1601 897 1675 quod
910 1621 947 1660 ex
960 1602 1115 1661 canonibus
1128 1604 1177 1676 qui
1191 1603 1322 1662 dicuntur

231 1704 442 1780 poenitentiales
468 1703 567 1776 liquet,
595 1700 646 1759 sed
672 1720 760 1774 quum
787 1701 957 1759 infirmitatis
977 1702 1107 1760 humanae
1133 1702 1264 1761 habenda
1284 1703 1322 1760 sit
1385 1701 1387 1708 ’

231 1803 314 1870 ratio,
329 1811 443 1879 praestat
455 1812 486 1861 ut
498 1821 582 1879 poena
602 1801 727 1876 supersit
740 1800 853 1867 luenda,
868 1819 952 1872 quam
967 1810 998 1858 ut
1010 1801 1074 1873 quis
1089 1801 1123 1859 ab
1138 1801 1248 1879 agenda
1261 1819 1321 1877 pre·

230 1903 349 1961 nitentia
361 1919 476 1978 prorsus
491 1902 688 1968 absterreatur,
701 1899 818 1958 remedii
832 1899 1006 1958 difficultate.
1036 1900 1214 1976 Exemplum
1228 1899 1322 1976 Apos-

230 2000 280 2059 toli
294 1999 447 2060 Corinthio
461 1999 608 2077 poenitenti
624 1998 799 2076 indulgentis
810 1999 922 2057 reniam
933 1999 1068 2075 proponit
1078 1998 1319 2076 Chrysostomusr

232 2099 311 2158 “Ex
324 2120 382 2175 quo
395 2099 464 2158 illud
488 2099 635 2165 discimus,
655 2115 716 2156 non
736 2117 773 2157 ex
793 2099 933 2158 scelerum
954 2108 1062 2156 tantum
1082 2108 1190 2167 natura,
1213 2098 1264 2157 sed
1284 2117 1322 2157 ex

231 2201 409 2276 peccantium
423 2200 508 2258 ctiam
531 2199 626 2257 animo
646 2208 731 2270 atque
745 2197 894 2256 affectione
910 2197 1091 2258 indicendam
1105 2216 1169 2262 esse
1182 2200 1322 2275 poeniteu·

232 2298 312 2366 tiam,
329 2308 361 2356 ut
383 2307 441 2356 tum
462 2297 529 2356 fecit
548 2296 714 2373 Apostolus,
727 2297 803 2370 quod
818 2297 908 2372 ipsius
924 2297 1142 2356 imbecillitatem
1155 2299 1323 2356 extimesce-

233 2389 326 2456 ret.”²
344 2397 434 2474 Igitur
447 2396 638 2455 confessarius
652 2398 755 2471 poterit
766 2394 942 2472 indulgentia
955 2396 995 2453 uti
1009 2397 1038 2454 in
1054 2415 1138 2472 poena
1150 2395 1322 2465 definienda,

235 2498 260 2555 si
274 2495 331 2554 hoc
350 2504 435 2573 pacto
457 2497 599 2574 poenitens
623 2495 750 2554 videatur
770 2497 892 2554 inbono
913 2497 1062 2571 proposito
1085 2494 1251 2564 firmandus,
1275 2497 1324 2567 qui

233 2596 371 2673 deinceps
386 2597 415 2655 in
429 2597 475 2654 via
487 2597 597 2654 virtutis
611 2595 766 2671 proficiens
780 2603 897 2672 peccata
910 2613 926 2652 a
939 2613 970 2653 re
984 2593 1110 2654 admissa
1125 2595 1324 2654 verosimiliter

234 2697 359 2774 planget,
372 2704 402 2753 et
414 2697 521 2773 puniet.
564 2693 729 2754 Monendus
751 2695 858 2753 idcirco
878 2695 931 2752 erit
943 2702 975 2752 ut
986 2705 1166 2771 peccatorum
1187 2694 1327 2770 ponderet

235 2797 410 2873 gravitatem,
424 2804 452 2852 et
465 2795 591 2853 divinam
612 2795 642 2852 in
663 2812 695 2850 se
719 2793 943 2853 misericordiam
969 2796 1095 2863 miretur,
1109 2803 1138 2852 et
1151 2796 1325 2872 poenitentiae

236 2894 343 2953 donum
356 2895 449 2952 enixis
463 2895 594 2970 precibus
608 2913 624 2950 a
637 2892 765 2952 Domino
780 2895 921 2971 imploret.
963 2894 1077 2960 Quanta
1089 2903 1182 2952 autem
1197 2913 1282 2971 poena
1296 2896 1327 2952 in

236 2993 394 3052 canonibus
407 2992 646 3070 paenitentialibus
660 2992 729 3051 olim
744 2994 828 3052 fuerit
841 2993 967 3069 peccatis
980 2993 1156 3070 gravioribus
1171 2992 1293 3061 decreta,
1310 3013 1327 3050 a

237 3091 412 3152 confessario
426 3100 585 3168 opportune
600 3092 802 3168 explicandum
817 3093 878 3150 erit.
909 3092 1015 3158 “Quia
1027 3110 1119 3168 poenae
1133 3090 1326 3148 satisfactoria

237 3190 400 3269 infligendae
415 3189 565 3250 medicine
588 3190 687 3259 sunt,”
702 3192 901 3250 animadvertit
915 3190 947 3249 S.
963 3192 1104 3258 Thomas,
1120 3190 1224 3248 “sicut
1238 3188 1326 3248 medi·

238 3292 310 3350 cinoe
333 3291 362 3348 in
389 3301 447 3348 arte
467 3289 659 3349 determinate
681 3310 738 3350 non
758 3293 889 3350 omnibus
914 3299 1088 3368 competunt,
1111 3289 1162 3347 sed
1189 3289 1328 3347 varianda

239 3399 319 3458 sunt,
330 3389 488 3448 secundum
502 3390 646 3448 arbitrium
660 3390 773 3458 medici,
791 3409 849 3448 non
863 3391 1005 3466 propriam
1020 3390 1193 3447 voluntatem
1208 3406 1330 3460 sequen·

238 3492 285 3558 tis,
299 3489 350 3548 sed
363 3490 513 3549 scientiam
531 3489 699 3558 medicinae3
722 3491 760 3548 ita
772 3507 865 3566 poenae
885 3490 1081 3548 satisfactoria
1105 3489 1133 3547 in
1156 3507 1266 3547 canone
1279 3487 1328 3546 de·

238 3590 392 3649 terminatae
411 3607 470 3648 non
493 3597 661 3666 competunt
679 3590 823 3656 omnibus,
844 3587 895 3646 sed
917 3590 1056 3648 variandae
1079 3598 1146 3648 sunt
1170 3587 1329 3647 secundum

238 3690 385 3748 arbitrium
397 3688 552 3747 sacerdotis
566 3687 665 3746 divino
679 3689 812 3746 instinctu
827 3690 994 3765 regularum.
1022 3690 1105 3747 Sicut
1118 3707 1185 3766 ergo
1200 3689 1329 3747 medicus

240 3787 392 3860 aliquando
405 3788 559 3864 pmdenter
572 3806 630 3846 non
644 3785 692 3845 dat
705 3788 875 3846 medicinam
890 3789 927 3845 ita
940 3788 1097 3857 efficacem,
1112 3808 1175 3861 quae
1190 3789 1225 3846 ad
1240 3788 1332 3846 morbi

239 3885 413 3945 curationem
427 3887 561 3954 sufficiat,
576 3906 612 3946 ne
627 3897 744 3964 propter
757 3887 929 3945 debilitatem
945 3897 1050 3947 naturae
1064 3888 1157 3964 majus
1172 3885 1333 3962 periculum

240 3985 362 4046 oriatur:
385 3984 422 4041 ita
434 3985 566 4045 sacerdos
580 3986 677 4046 divino
690 3987 825 4046 instinctu
847 3996 941 4045 motus
962 4004 1019 4044 non
1041 4003 1154 4061 semper
1174 3994 1260 4042 totam
1275 4001 1334 4058 poe·

277 4145 319 4211 (1)
339 4143 626 4208 sancimen.

277 4231 320 4298 (2)
339 4229 369 4279 ln
380 4229 429 4295 Ep.
440 4230 465 4282 ii.
478 4230 509 4281 ad
521 4230 577 4283 Cor.
586 4232 652 4282 hom.
663 4233 695 4283 ir.
708 4248 733 4282 n.
768 4241 782 4266 “
791 4238 847 4294 ὅὶεν
864 4229 1025 4300 peridrome,
1043 4233 1084 4283 dre
1101 4233 1114 4282 d
1132 4227 1171 4282 δεῖ
1191 4229 1262 4296 μόνον
1279 4233 1337 4297 πρὸς

239 4319 285 4386 τὴν
304 4317 373 4384 φύσιν
394 4321 444 4371 τῶν
463 4315 654 4389 ἁμαρτημάτων,
677 4318 740 4372 ἀλλὰ
762 4323 804 4372 καὶ
825 4323 882 4386 πρὸς
905 4319 951 4387 τὴν
966 4316 1071 4370 διάνοιαν
1091 4315 1135 4370 κὰν
1152 4332 1198 4386 την
1219 4316 1267 4378 ἕξιν
1288 4332 1336 4371 των

239 4404 423 4475 ἁμαρτανόντων
440 4410 486 4478 τὴν
503 4407 634 4476 μετάνοιαν
651 4405 748 4476 ὁρίζειν·
766 4413 779 4461 ὅ
800 4409 841 4460 esc*
863 4407 921 4460 τότε
941 4408 953 4460 ὖ
972 4405 1088 4470 ἅποςολος
1105 4403 1211 4476 ἐποίησε·
1230 4406 1271 4459 eod
1291 4403 1336 4476 γᾶρ

240 4495 355 4564 ἐφοβεῖτο
365 4494 428 4550 dora*
438 4501 468 4550 rb
477 4494 584 4560 ἀσθενές.

282 4593 359 4652 Ver..
374 4592 512 4654 tlt-17
