3172 5172
581 542 638 603 DE
660 541 969 602 CONFESSIONE.
1262 546 1318 602 155

230 711 339 780 feeerit,
361 709 493 771 dubitans
518 719 612 770 utrum
634 718 783 788 peecatum
804 709 921 768 mortale
942 708 1024 775 soret,
1046 715 1166 777 tenetur,
1187 711 1271 788 juxta
1284 711 1323 770 D.

231 811 387 879 Thomam,
402 810 472 870 illud
494 811 640 870 confiteri:
664 809 819 876 “Quando
842 808 943 880 aliquis
966 807 1077 865 dubitat
1095 809 1130 867 de
1154 809 1327 888 aliquopee-

232 917 306 978 cato,
327 930 362 968 an
384 911 421 968 sit
447 910 574 978 mortale,
598 918 708 967 tenetur
732 907 802 967 illud
824 907 953 966 confiteri
973 905 1148 967 dubitatione
1168 921 1321 970 manente:

232 1010 299 1081 quia
312 1010 360 1082 qui
374 1009 481 1083 aliquid
493 1009 653 1076 committit,
661 1007 708 1067 vel
716 1007 828 1075 omittit,
838 1007 867 1066 in
878 1025 936 1081 quo
946 1005 1091 1064 dubitabat
1100 1026 1163 1066 esse
1176 1019 1325 1083 peceatum

233 1109 361 1177 mortale,
375 1117 478 1187 peccat
490 1108 654 1176 mortaliter,
669 1108 829 1166 discrimini
850 1125 881 1163 se
906 1105 1098 1164 committens.
1139 1106 1181 1164 Et
1193 1107 1326 1167 similiter

235 1208 361 1284 periculo
374 1227 406 1266 se
420 1208 580 1275 committit,
594 1208 644 1280 qui
657 1206 692 1264 de
706 1206 772 1273 hoe,
787 1205 864 1279 quod
884 1203 991 1262 dubitat
1013 1223 1078 1262 esse
1093 1206 1221 1275 mortale,
1236 1209 1326 1286 negli-

234 1307 275 1384 git
285 1307 428 1366 confiteri:
444 1315 605 1366 nontamen
616 1305 699 1364 debet
711 1323 837 1364 asserere
850 1304 918 1362 illud
934 1304 1051 1363 mortale
1065 1323 1140 1374 esse,
1155 1304 1205 1363 sed
1220 1306 1327 1365 dubita·

234 1406 290 1463 tire
302 1405 393 1478 loqui,
408 1415 437 1466 et
445 1406 586 1483 judicium
599 1402 755 1464 sacerdotis
763 1411 924 1480 expectare,
936 1402 1018 1478 cujus
1028 1414 1073 1462 est
1082 1403 1242 1464 discernere
1253 1405 1327 1464 inter

234 1504 344 1580 lepram
364 1513 392 1563 et
410 1498 570 1582 lepram.''1
609 1503 695 1572 Quod
715 1503 742 1560 si
761 1502 877 1569 dubitet,
903 1501 1060 1561 rationibus
1080 1503 1148 1561 hinc
1169 1503 1235 1563 inde
1256 1525 1326 1584 pug-

234 1603 377 1672 nantibus,
401 1622 452 1661 seu
477 1605 609 1680 positive,
630 1613 661 1663 ut
681 1605 769 1671 aiunt,
790 1612 884 1661 utrum
907 1599 1052 1660 admiserit
1065 1611 1226 1679 peceatum,
1248 1605 1324 1677 quod

235 1701 353 1760 mortale
367 1720 431 1760 esse
444 1704 533 1770 novit,
546 1722 583 1761 v:
606 1723 641 1780 g:
662 1701 811 1761 libidinem
821 1718 955 1777 pravam3
982 1702 1215 1761 communisslme
1228 1703 1327 1763 dieunt

237 1799 363 1878 theologi
377 1821 433 1860 non
443 1821 507 1860 esse
519 1802 675 1861 confitendi
686 1802 896 1867 necessitatem,
905 1817 994 1872 quum
1005 1809 1176 1877 praeceptum
1185 1803 1325 1873 divinum,

236 1909 319 1977 prout
332 1901 489 1977 explicatur
502 1921 519 1958 a
532 1902 646 1979 synodo
660 1900 841 1967 Tridentino,
852 1899 987 1974 respiciat
999 1908 1113 1976 peecata
1126 1917 1247 1972 quorum
1262 1903 1327 1975 quis

235 2001 365 2057 conscius
379 2010 432 2071 est,
448 2011 476 2058 et
489 2019 610 2074 quorum
624 2001 791 2060 memoriam
813 1999 914 2056 habet:
936 1999 1067 2057 conscius
1088 2007 1183 2058 autem
1202 2021 1261 2060 non
1282 2011 1326 2060 est

234 2099 351 2174 peccati,
365 2102 416 2171 qui
436 2100 544 2158 dubitat
562 2111 656 2159 utrum
677 2099 748 2160 illud
769 2097 932 2156 admiserit:
953 2098 1131 2172 proindeque
1145 2117 1203 2158 non
1216 2109 1325 2159 tenetur

233 2197 298 2274 lege
313 2197 478 2256 confitendi.
519 2198 554 2256 In
568 2202 666 2258 mortis
680 2208 774 2257 tamen
794 2196 958 2255 discrimine
979 2197 1127 2256 advertunt
1147 2201 1243 2275 plures
1256 2219 1324 2259 eum

238 2298 327 2354 teneri
341 2296 377 2353 ad
395 2297 479 2355 saluti
498 2298 704 2356 consulendum
724 2296 894 2357 contritione
915 2296 1065 2365 elicienda,
1085 2297 1131 2355 vel
1151 2311 1328 2358 sacramento

236 2395 412 2471 poenitentiae
433 2395 628 2471 suscipiendo,
652 2396 686 2455 ad
709 2394 899 2456 damnationis
927 2394 1085 2468 periculum
1111 2395 1325 2472 effugiendum:

237 2492 288 2552 sed
301 2484 406 2571 negant
420 2513 485 2554 oum
505 2497 594 2555 teneri
609 2496 642 2554 ad
657 2496 724 2554 illud
739 2492 945 2561 confitendum,
959 2494 1042 2552 etiam
1057 2511 1091 2552 eo
1105 2494 1135 2552 in
1149 2494 1324 2556 discrimine.

277 2597 328 2652 55.
349 2593 472 2661 Quando
486 2595 550 2666 quis
564 2597 642 2654 novit
661 2614 693 2654 se
716 2594 824 2669 aliquid
844 2592 958 2661 secisse,
974 2594 1051 2667 quod
1071 2601 1165 2652 utrum
1179 2605 1326 2671 peccatum

236 2692 322 2751 fuerit
335 2694 452 2752 mortale
467 2693 585 2763 dubitat,
606 2694 734 2772 plerique
757 2695 854 2753 dicunt
872 2710 938 2750 eum
960 2694 1048 2752 teneri
1061 2693 1095 2750 ad
1109 2692 1179 2752 illud
1191 2697 1328 2754 confiten-

236 2784 322 2850 dum:
343 2795 411 2865 quia
430 2794 586 2853 omittendo
609 2781 766 2872 exponeret
787 2813 819 2851 se
845 2791 1005 2851 discrimini
1031 2793 1107 2852 haud
1134 2795 1329 2854 satisfaciendi

237 2900 380 2966 precepto
393 2891 490 2950 diuino
504 2895 601 2953 omnia
620 2902 737 2969 peccata
757 2891 885 2951 mortalia
905 2893 934 2949 in
955 2892 1136 2951 consessione
1157 2892 1327 2954 declarandi.

237 2988 381 3047 Ceterum
407 2991 439 3049 S.
465 2991 632 3068 Alphonsus
656 3002 753 3050 censet
778 3010 844 3050 eum
870 3009 956 3066 posse
984 2990 1100 3048 dubium
1128 2991 1163 3048 de
1192 2994 1328 3052 confiten-

237 3086 266 3146 di
291 3090 462 3166 obligatione
488 3091 641 3167 deponere,
673 3093 726 3150 sibi
754 3088 952 3167 persuadendo
975 3107 1006 3146 se
1036 3106 1094 3146 non
1120 3090 1269 3147 teneri'ad
1295 3109 1330 3148 ea

237 3205 300 3258 quae
325 3209 383 3248 non
409 3199 476 3248 sunt
502 3200 579 3249 certo
605 3190 734 3250 mortalia
754 3188 925 3248 confitenda.
967 3187 1187 3247 Consueverunt
1212 3188 1328 3262 quidem

237 3285 336 3346 fideles
350 3288 554 3348 dubitationem
567 3290 642 3348 hanc
656 3291 744 3348 animi
758 3289 941 3348 confessariis
962 3306 1125 3364 exponere;
1146 3288 1224 3360 quod
1238 3291 1327 3348 maxi·

237 3405 283 3443 me
309 3397 352 3446 est
376 3388 560 3457 laudandum,
581 3389 632 3447 sed
658 3389 871 3466 obligationem,
889 3389 973 3466 juxta
994 3386 1100 3463 plures,
1121 3405 1180 3444 non
1200 3384 1328 3463 probat²

237 3485 316 3544 Hine
338 3487 437 3546 dicunt
457 3506 515 3546 non
535 3490 625 3546 teneri
650 3489 684 3547 ad
711 3487 922 3546 confessionem
944 3495 1007 3544 ante
1027 3487 1262 3546 communionem
1276 3487 1326 3560 qui

238 3584 404 3663 hujusmodi
418 3586 505 3645 dubio
524 3589 652 3664 angitur3
677 3587 728 3645 sed
748 3607 835 3665 posse
857 3585 1002 3654 accedere,
1020 3586 1120 3646 saltem
1140 3595 1206 3662 post
1226 3588 1328 3646 contri·

237 3684 344 3743 tionem
363 3686 496 3754 elicitam,
522 3687 568 3745 vel
595 3687 800 3746 absolutionem
821 3695 994 3762 susceptam,
1022 3686 1108 3746 dubio
1133 3687 1183 3746 illo
1209 3698 1326 3764 peceato

237 3782 314 3840 haud
328 3786 470 3860 exposito.
512 3785 696 3863 Scrupulosis
719 3787 749 3845 id
769 3796 829 3845 tuto
849 3786 990 3853 suadetur,
1009 3804 1074 3845 nam
1088 3786 1181 3844 dubiis
1195 3788 1328 3846 inanibus

239 3881 409 3958 plerumque
429 3893 577 3963 anguntur.
620 3886 670 3943 Sic
690 3887 774 3944 etiam
797 3887 853 3962 piis
874 3886 1019 3962 plerisque
1042 3886 1217 3952 hominibus,
1243 3884 1292 3956 qui
1312 3901 1329 3938 a

237 3990 357 4057 peccato
369 3982 517 4044 abhorrere
527 3994 745 4054 consueverunt,
761 3994 818 4043 tuto
832 3984 1003 4062 permittitur
1021 3993 1053 4041 ut
1066 3983 1151 4041 dubia
1164 3982 1224 4039 haee
1239 3979 1328 4057 negli-

234 4089 312 4156 gant,
327 4099 415 4155 quum
429 4085 478 4142 vix
490 4084 553 4142 fieri
567 4085 658 4161 possit
677 4093 708 4143 ut
730 4085 760 4142 in
782 4101 868 4161 grave
881 4091 1031 4160 peccatum
1044 4081 1118 4156 lapsi
1140 4080 1198 4137 sint
1217 4081 1326 4152 absque

237 4190 313 4240 certa
325 4183 388 4260 ejus
402 4184 584 4242 conscientia.
626 4183 698 4250 Quae
712 4201 763 4240 eos
783 4191 889 4239 vexant
907 4180 1091 4256 cogitationes
1110 4186 1206 4255 turpes
1229 4188 1257 4236 et
1276 4179 1328 4239 im·

235 4278 300 4354 pioe,
314 4291 381 4340 sunt
394 4283 485 4341 hostis
499 4282 597 4341 salutis
609 4283 740 4340 terricula
753 4290 781 4339 et
793 4278 1011 4339 ludificationes.

307 4505 351 4571 (1)
370 4503 403 4554 tii.
414 4503 538 4574 penppt.
550 4519 592 4570 qu.
602 4503 634 4556 vi.
647 4508 689 4552 art.
700 4501 732 4551 iv.
743 4501 774 4551 erl
786 4504 810 4549 3.
934 4497 936 4500 ’
1021 4500 1063 4568 (2)
1082 4497 1112 4550 L.
1123 4498 1155 4550 ri.
1166 4515 1191 4552 n.
1202 4501 1262 4551 474.
