3172 5172
261 559 318 616 144
642 553 698 614 DE
720 550 966 613 PROPOSITO.

297 724 346 780 31.
368 718 531 779 Periculum
543 721 707 796 proximum
721 717 859 795 peccandi
871 716 1017 777 vitandum
1036 727 1090 788 est,
1104 719 1173 778 lieet
1192 722 1257 794 quis
1277 721 1341 780 hac·

257 830 339 879 teum
352 819 382 878 in
395 837 497 878 eonon
509 820 606 894 lapsus
620 818 712 887 fuerit,
725 818 771 875 vel
785 819 897 877 etiamsi
910 817 1010 886 semel,
1024 819 1070 877 vel
1083 818 1138 888 bis,
1153 820 1229 879 ineo
1242 822 1341 879 extite·
1424 839 1427 846 ·

258 921 294 977 rit
319 919 425 977 vietor:
447 918 568 976 sienim
593 935 645 994 per
669 935 701 974 se
723 915 891 992 plerumque
914 915 1014 975 inierat
1037 917 1159 986 ruinam,
1173 935 1259 980 nerno
1285 920 1341 979 nisi

257 1027 364 1078 temere
378 1018 408 1076 in
426 1015 456 1075 id
476 1035 507 1075 se
526 1016 637 1093 ingerit.
680 1015 757 1074 Hine
782 1015 955 1092 puellaque
976 1035 993 1073 a
1018 1014 1135 1075 domino
1160 1018 1342 1088 uehementer

257 1125 361 1176 tentata
381 1117 489 1185 restitit,
517 1113 600 1174 debet
619 1123 797 1190 quantocyus
824 1115 886 1190 ejus
913 1114 1045 1173 deserere
1065 1113 1193 1184 domurn,
1217 1135 1252 1174 ne
1269 1115 1340 1174 sorte

257 1234 339 1276 novae
350 1215 498 1273 tentationi
511 1213 607 1272 aedat:
629 1214 684 1272 nisi
698 1214 762 1289 ipsa
780 1213 881 1284 virtute
894 1215 1008 1273 robusta
1020 1231 1086 1272 eum
1099 1215 1138 1272 ita
1153 1214 1296 1292 repulerit,
1310 1225 1341 1274 ut

258 1331 427 1392 persuasum
439 1312 542 1372 habeat
561 1330 629 1372 eum
643 1313 673 1372 in
689 1321 834 1388 posterum
855 1313 896 1372 nil
916 1312 1083 1389 hujusmodi
1104 1331 1249 1374 ausurum.
1283 1314 1341 1381 Qui

258 1413 456 1471 vehementem
475 1410 624 1470 libidinem
651 1413 681 1471 in
700 1429 732 1468 se
757 1409 875 1470 accendi
904 1411 1058 1488 experitur,
1083 1413 1194 1485 quoties
1222 1413 1341 1491 alicujus

259 1511 358 1570 fruitur
376 1519 542 1587 conspectu,
568 1509 651 1569 debet
676 1511 738 1587 ejus
770 1511 944 1569 consortium
971 1511 1069 1580 vitare,
1096 1511 1225 1584 quamvis
1250 1511 1342 1570 hacte-

256 1629 311 1669 nus
330 1609 442 1668 libidini
467 1607 542 1667 haud
564 1611 687 1668 cesserit.
729 1609 763 1668 In
784 1609 923 1685 probabili
949 1610 1047 1687 lapsus
1068 1608 1233 1669 discrimine
1259 1611 1341 1669 saluti

258 1727 316 1768 suae
329 1707 532 1767 consulendum
547 1717 607 1766 est:
623 1706 735 1781 quodsi
748 1717 846 1785 urgeat
859 1708 978 1767 aliorum
988 1711 1145 1768 necessitas
1158 1718 1296 1779 extrema,
1305 1710 1340 1768 iis
1361 1739 1374 1766 ο

258 1807 495 1876 subveniendum,
509 1807 594 1866 etiam
608 1826 673 1866 cum
693 1807 737 1865 sui
758 1808 901 1884 perieulo;
922 1827 988 1867 narn
1012 1801 1131 1868 ebaritas
1153 1807 1182 1866 id
1201 1810 1299 1886 exigit,
1313 1815 1342 1868 et

257 1909 410 1966 necessitas
424 1906 489 1964 facit
502 1905 657 1982 periculum
671 1915 823 1966 remotum.
857 1906 890 1964 si
902 1907 1000 1984 lapsus
1011 1910 1049 1968 sit
1061 1908 1243 1985 probabilior,
1256 1906 1339 1965 saluti

257 2009 378 2082 proprie
401 2005 606 2064 consulendum
633 2013 677 2063 cst
697 2007 782 2082 juxta
802 2006 1012 2067 Tournelium:
1039 2005 1090 2065 sed
1115 2006 1147 2064 S.
1174 2005 1340 2083 Alphonsus

259 2114 357 2161 censet
367 2122 404 2162 ex
417 2097 584 2163 necessitate
597 2105 753 2182 periculum
767 2107 853 2164 etiam
867 2123 902 2164 eo
912 2123 979 2164 casu
987 2106 1049 2164 fieri
1055 2113 1206 2172 remotum,
1218 2103 1339 2178 ideoque

259 2200 382 2260 adhibita
395 2203 494 2279 majori
503 2203 618 2272 cautela,
632 2215 660 2260 et
672 2204 806 2280 precibus
820 2203 855 2262 ad
868 2204 965 2263 Deum
977 2204 1059 2274 susis,
1073 2205 1159 2264 licere
1173 2222 1205 2263 se
1219 2205 1338 2263 aliorum

259 2319 344 2359 eausa
357 2308 434 2360 tanto
446 2300 570 2379 objicere
592 2295 776 2362 discrimini.¹
809 2304 882 2363 Haec
901 2304 931 2363 in
953 2305 1085 2381 parochis
1107 2313 1137 2363 et
1154 2303 1339 2365 missionariis

259 2402 401 2477 praecipue
414 2402 510 2461 locum
524 2402 636 2462 habent.

686 2578 729 2643 (1)
747 2574 925 2628 nunnus
1007 2654 1011 2658 ἓ
