3172 5172
431 569 488 631 DE
510 567 807 629 SUSCEPTIONE
828 555 1144 629 EUOHARISTIAE.
1289 575 1328 629 Ob

239 735 311 796 ciale
337 745 483 814 peceatum
509 735 629 803 admitti,
656 735 845 808 frequentiore
869 735 978 793 omissa
1003 735 1216 803 communione,
1244 745 1324 812 putat

241 833 360 904 Suarez,
374 855 462 909 quum
476 836 530 895 alia
542 836 600 894 sint
612 835 783 893 infirmitatis
797 834 932 892 remedia.
950 817 952 821 ¹

281 939 331 994 4³.
352 937 438 994 Pueri
462 934 497 993 ad
516 935 747 993 communionem
769 932 903 991 accedere
924 941 1064 1000 tenentur,
1092 931 1205 1006 quando
1232 935 1326 992 cibum

241 1033 383 1092 caelestem
396 1033 556 1094 discerncre
569 1033 674 1101 valent,
695 1033 773 1106 quod
791 1034 866 1090 circa
878 1051 985 1092 annum
1000 1017 1326 1109 decimum‘plerumque

239 1133 391 1210 contingit:
413 1133 464 1192 sed
477 1142 651 1192 excusantur
664 1153 680 1190 a
692 1132 797 1190 violato
816 1141 971 1210 praecepto,
995 1130 1130 1206 quamdiu
1150 1131 1187 1190 iis
1206 1150 1266 1192 non
1284 1133 1328 1191 in·

238 1233 340 1300 notuit,
351 1232 428 1306 quod
443 1250 481 1291 err
493 1242 643 1311 parentum
655 1243 684 1290 et
695 1230 886 1308 parochorum
900 1231 993 1290 studio
1007 1229 1122 1307 pendet.
1143 1229 1210 1289 Hos
1222 1231 1329 1290 idcirco

240 1330 335 1389 minus
348 1331 431 1390 facile
445 1330 624 1391 excusandos
644 1338 722 1388 notat
742 1329 915 1387 Benedictus
929 1329 1013 1388 xlv.
1028 1331 1053 1387 si
1065 1328 1213 1406 negligant
1224 1345 1329 1407 pueros

238 1427 275 1486 de
287 1429 341 1487 hac
355 1430 527 1508 obligatione
541 1432 692 1496 instrucre,
707 1445 814 1500 eosque
828 1426 864 1484 ad
877 1445 939 1485 eam
954 1427 1126 1504 implendam
1138 1427 1290 1506 disponere
1302 1437 1331 1486 et

240 1525 369 1604 urgere.l

508 1760 585 1834 §.IL
626 1758 673 1817 Da
691 1777 794 1818 surum
815 1777 1064 1818 ramrnnnrroun.

279 1949 329 2004 44.
350 1946 395 2005 Ad
426 1947 511 2024 digne
537 1947 755 2022 suscipiendum
776 1945 989 2004 Eucharistiam
1012 1948 1106 2005 anima
1133 1945 1218 2003 debet
1243 1945 1331 2022 gratia

240 2046 432 2105 sanctificante
446 2047 540 2104 ornari
552 2065 560 2114 ;
582 2047 713 2122 probatio
727 2045 803 2103 enim
819 2048 863 2104 sui
877 2047 911 2104 ab
925 2045 1068 2122 Apostolo
1077 2045 1239 2117 requiritur,
1254 2055 1331 2103 ante·

240 2162 325 2216 quam
338 2145 402 2216 quis
422 2144 554 2203 accedat:
577 2145 791 2215 “Quicumque
813 2145 1027 2203 manducaverit
1049 2161 1154 2220 panem
1173 2143 1260 2210 hunc,
1282 2142 1330 2200 vel

241 2242 343 2300 biberit
362 2243 478 2302 calicem
504 2243 624 2301 Domini
645 2243 779 2318 indigne;
811 2262 876 2301 reus
902 2244 955 2300 erit
981 2243 1110 2319 corporis
1131 2254 1160 2299 et
1181 2243 1331 2318 sanguinis

242 2339 372 2398 Domini.
414 2341 522 2399 Probet
533 2351 626 2398 autem
640 2343 768 2418 seipsum
782 2341 889 2408 hom03
910 2343 993 2399 etsie
1008 2341 1043 2398 de
1057 2359 1129 2417 pane
1144 2340 1193 2398 illo
1207 2340 1282 2404 edat,
1303 2351 1332 2397 et

244 2437 280 2494 de
294 2439 381 2496 calice
395 2439 479 2496 bibat.
522 2439 579 2515 Qui
592 2441 668 2497 enim
682 2440 834 2498 manducat
854 2447 881 2496 et
901 2439 970 2496 bibit
983 2438 1109 2515 indigne,
1120 2437 1261 2514 judicium
1276 2437 1331 2494 sibi

241 2537 401 2606 manducat,
416 2546 443 2595 et
456 2538 541 2596 bibit:
563 2536 621 2598 non
634 2537 793 2616 dijudicans
808 2556 913 2615 corpus
928 2528 1100 2596 Domini.”²
1119 2534 1265 2608 Equidem
1280 2535 1329 2607 qui

242 2645 390 2711 peceatum
422 2635 538 2696 admisit
563 2638 706 2710 fovetque,
734 2639 899 2714 penitentia
932 2637 1071 2714 neglecta,
1101 2635 1234 2713 injuriam
1263 2633 1330 2692 facit

241 2732 368 2804 Christo,
382 2735 450 2794 dum
464 2755 530 2795 eum
553 2737 674 2813 suscipit
697 2738 726 2796 in
747 2739 911 2796 societatem
933 2737 1020 2797 veluti
1040 2745 1070 2793 et
1088 2735 1264 2794 consortium
1277 2734 1332 2792 ini·

241 2851 346 2906 quum:
367 2835 485 2910 proinde
499 2845 575 2894 recte
589 2835 691 2894 dicitur
703 2837 831 2912 corporis
845 2846 874 2895 et
886 2837 1032 2914 sanguinis
1047 2834 1156 2894 Christi
1169 2853 1247 2893 reus.
1272 2832 1330 2892 Irn-

242 2951 326 2990 rnane
339 2932 478 3009 flagitium
499 2933 662 3000 admittitur,
684 2933 752 2993 dum
776 2935 839 3006 quis
862 2935 945 3010 plena
968 2935 1056 2993 animi
1076 2933 1278 2992 deliberatione
1303 2931 1331 2988 id

242 3030 419 3108 aggreditur;
440 3032 491 3090 sed
513 3042 542 3090 et
560 3034 682 3110 graviter
701 3043 835 3108 peccatur
855 3033 965 3104 quoties
984 3032 1146 3090 necessaria
1159 3029 1195 3087 ad
1208 3047 1331 3105 purgan-

241 3129 307 3188 dam
332 3132 457 3190 animam
484 3132 621 3190 omittitur
650 3130 806 3208 diligentia,
835 3130 941 3189 “istud
969 3126 1150 3206 peccatum,'’
1177 3128 1270 3198 inquit
1296 3127 1329 3182 S.

241 3227 380 3298 Thomas,
407 3231 466 3288 “in
486 3230 657 3303 quibusdam
678 3239 854 3307 potestesse
877 3229 1008 3306 gravius:
1030 3227 1103 3285 sicut
1122 3227 1151 3284 in
1171 3225 1217 3283 his
1232 3225 1281 3297 qui
1295 3241 1332 3282 cx

243 3327 344 3384 actuali
359 3338 532 3404 contemptu,
553 3349 617 3388 cum
632 3330 806 3387 conscientia
825 3329 934 3406 peccati
948 3327 983 3386 ad
997 3327 1052 3386 hoc
1066 3333 1273 3384 sacramentum
1288 3343 1332 3382 ac·

242 3423 361 3483 cedunt:
383 3427 413 3486 in
427 3427 596 3500 quibusdam
611 3427 678 3486 verb
692 3429 788 3487 minus
802 3446 904 3505 grave:
927 3439 995 3504 puta
1014 3428 1044 3484 in
1067 3426 1113 3483 his
1134 3426 1183 3496 qui
1203 3441 1240 3480 ex
1261 3443 1333 3495 quo·

241 3522 305 3584 darn
320 3525 432 3596 timore,
446 3545 483 3585 ne
498 3525 748 3603 deprehendantur
761 3529 792 3585 in
805 3537 932 3603 peceato,
955 3545 1020 3584 cum
1034 3523 1210 3583 conscientia
1224 3523 1332 3598 peccati

241 3623 276 3681 ad
295 3622 350 3682 hoc
369 3634 580 3685 sacramentum
601 3620 786 3684 accedunt.'’³
835 3627 966 3704 Apostoli
987 3632 1160 3702 praeceptum
1187 3622 1279 3698 exigit
1303 3632 1334 3680 ut

242 3722 379 3781 accedens
393 3724 428 3782 ad
443 3724 654 3784 Eucharistiarn
669 3725 822 3800 prudenter
841 3726 895 3784 sibi
916 3743 1084 3803 persuasum
1105 3723 1209 3782 habeat
1222 3740 1253 3780 se
1268 3741 1333 3780 csse

241 3829 386 3894 paratum:
409 3823 514 3883 “unde
536 3824 566 3881 in
586 3841 666 3882 mero
689 3823 776 3883 dubio
796 3825 927 3901 negativo
953 3843 1011 3883 suae
1031 3822 1228 3902 dispositionis
1248 3840 1333 3879 nemo

242 3925 337 3994 potest
349 3921 580 3982 communionem
596 3920 795 3999 susciperem

283 4019 332 4073 45.
355 4018 590 4080 “Ecclesiastica
603 4021 814 4090 consuetudo,’'
835 4023 928 4095 inquit
947 4020 1101 4080 concilium
1116 4016 1332 4081 Tridentinum,

242 4123 262 4150 “
272 4113 396 4175 declarat
409 4134 472 4177 earn
484 4121 679 4196 probationem
693 4123 882 4182 necessariam
897 4139 972 4189 esse,
984 4128 1015 4178 nt
1024 4117 1119 4177 nullus
1135 4115 1191 4172 sibi
1201 4114 1334 4183 ¹conscius

241 4215 370 4274 mortalis
390 4220 512 4294 peccati,
532 4222 715 4294 quantumvis
735 4221 790 4280 sibi
815 4220 951 4278 contritus
971 4218 1109 4282 videatur,
1137 4213 1244 4284 absque
1264 4230 1336 4287 pre·

276 4419 318 4486 (l)
338 4419 376 4470 Do
388 4420 490 4486 Synodo
501 4423 597 4474 dicaces.
608 4423 624 4473 l.
636 4423 710 4473 viic.
722 4422 765 4472 xii.
870 4423 912 4486 (2)
932 4419 965 4468 iii.
977 4433 1000 4482 p.
1012 4433 1053 4482 qu.
1065 4417 1134 4466 lxxx.
1147 4423 1190 4466 art.
1201 4433 1224 4469 v,
1261 4416 1337 4483 Retp.

614 4509 657 4574 (a)
677 4507 703 4556 s.
718 4503 792 4570 nrpu.
802 4505 818 4554 1.
832 4504 864 4554 vr.
875 4521 902 4554 n.
913 4505 972 4551 rea.

281 4581 358 4642 V01..
374 4583 493 4644 III.—9
