3108 5162
686 591 742 654 DE
763 592 980 654 DlVORTlO.

724 1117 866 1179 CAPUT
886 1118 941 1179 lv,

701 1333 745 1374 DE
778 1335 962 1376 ntvott't'to.

582 1495 608 1570 §.
630 1495 654 1554 l.
696 1496 744 1556 Da
764 1513 887 1554 vincum
907 1511 1082 1554 aoncrrona.

330 1668 397 1722 110.
419 1663 574 1724 Vinculum
595 1667 766 1724 matrimonii
780 1665 852 1725 solvi
872 1666 940 1724 olim
962 1664 1093 1741 permisit
1112 1663 1247 1738 Moyses
1269 1655 1383 1721 Judaeis,

288 1781 386 1822 eorum
400 1762 512 1822 duritiei
525 1764 647 1831 cedens3
669 1765 719 1823 sed
735 1765 793 1823 vim
815 1765 878 1841 ejus
897 1766 1035 1841 integram
1055 1763 1152 1820 statuit
1168 1761 1314 1818 Christus
1327 1756 1384 1830 lege

289 1862 338 1920 illa
351 1864 536 1940 gravissima:
559 1863 676 1930 “Quod
689 1865 770 1922 Deus
781 1864 940 1940 conjunxit,
956 1862 1042 1920 horno
1055 1880 1113 1919 non
1128 1869 1250 1937 separet
1260 1850 1310 1914 :⁹⁹¹
1322 1851 1381 1911 inde

288 1962 365 2021 enim
387 1963 492 2022 lactum
513 1973 565 2030 est,
579 1973 610 2022 ut
632 1963 709 2022 nulla
729 1979 846 2039 prorsus
866 1962 993 2020 hominis
1013 1961 1181 2019 auctoritate
1204 1957 1283 2016 solvi
1304 1961 1382 2026 queat

288 2059 413 2136 ligamen
426 2063 498 2119 inter
512 2062 668 2138 baptizatos
682 2063 815 2120 homines
829 2071 1015 2127 contractum,
1029 2070 1099 2117 etro
1114 2060 1301 2135 perfectumt
1315 2051 1378 2109 duo·

288 2175 349 2216 rum
374 2159 481 2234 quippe
504 2160 534 2216 in
559 2139 659 2218 eadem
681 2179 764 2218 carne
785 2160 948 2236 conjunctio
968 2169 1012 2217 cst
1032 2158 1141 2216 Christi
1162 2177 1234 2216 cum
1250 2150 1379 2214 Ecclesia

288 2257 383 2332 imago
396 2256 551 2316 simillima.
573 2259 718 2330 Equidem
728 2269 838 2318 constat
847 2277 1050 2330 nonnunquam
1063 2257 1225 2333 baptizatos
1238 2252 1374 2314 nomines,

288 2355 342 2414 ritu
366 2355 505 2414 Ecclesiae
526 2359 695 2436 conjunctos
716 2361 851 2435 deinceps
870 2358 991 2416 divortio
1017 2365 1161 2432 separatos
1184 2357 1289 2420 luisse,
1309 2350 1376 2408 sacta

288 2454 412 2513 alterutri
425 2463 565 2533 potestate
579 2458 614 2517 ad
628 2478 701 2516 nova
724 2457 888 2517 transeundi
902 2467 983 2515 vota:
1006 2455 1083 2528 quod
1097 2455 1229 2531 contigit,
1245 2451 1290 2510 vel
1304 2441 1375 2520 quod

286 2555 497 2612 matrimonium
508 2574 537 2612 re
548 2568 777 2616 consummatum
791 2577 849 2615 non
859 2563 944 2624 esset,
956 2553 1076 2628 ideoque
1088 2554 1219 2629 pontifex
1229 2559 1375 2628 supremus

288 2651 342 2708 sibi
368 2651 453 2709 licere
473 2653 648 2711 existimarat
668 2655 737 2712 illud
759 2655 796 2712 ob
817 2673 916 2712 causas
937 2653 1120 2731 gravissimas
1141 2651 1268 2719 solvere,
1289 2660 1371 2720 quum

286 2747 399 2806 deesset
411 2750 575 2826 conjunctio
595 2752 697 2820 carnis,
712 2751 747 2810 de
768 2771 824 2823 qua
844 2753 987 2828 praecipue
1007 2752 1132 2824 loquitur
1146 2751 1313 2827 Scriptum
1332 2739 1374 2800 vel

287 2844 363 2917 quod
377 2847 472 2922 ipsum
482 2847 530 2922 jus
545 2859 661 2916 naturae,
683 2851 728 2908 vel
748 2851 827 2926 leges
848 2850 989 2909 Ecclesiae
1012 2852 1156 2910 obstarent
1176 2870 1212 2908 ne
1233 2853 1309 2909 inter
1326 2857 1370 2900 eos

286 2943 452 3022 conjugium
474 2943 543 3004 iniri
558 2956 666 3024 posset.
708 2949 794 3017 Quod
814 2960 907 3009 autem
928 2951 1137 3008 matrimonium
1151 2949 1227 3009 haud
1242 2959 1370 3008 consum·

286 3053 394 3104 matum
416 3043 562 3122 religionis
586 3048 762 3124 professione
789 3050 923 3116 solvatur,
944 3068 981 3106 ex
1001 3049 1201 3121 antiquissima
1226 3045 1369 3107 traditione

286 3145 484 3222 proficiscitur,
503 3147 588 3222 juxta
610 3167 695 3220 quarn
716 3150 764 3206 illa
783 3151 828 3207 sni
849 3148 952 3206 dicatio
972 3150 1002 3206 in
1023 3148 1078 3205 Dei
1092 3148 1263 3220 obsequium
1277 3140 1368 3204 mortis

286 3245 375 3303 instar
387 3254 440 3312 est,
455 3242 525 3302 adeo
539 3255 570 3304 ut
582 3245 704 3306 famulus
725 3247 834 3306 Christi
855 3247 963 3306 mundo
982 3247 1078 3305 vivere
1099 3266 1157 3304 non
1170 3247 1294 3322 amplius
1307 3257 1366 3299 een·

286 3355 390 3401 seatur.
432 3342 509 3401 Inter
529 3343 660 3404 homines
681 3345 756 3405 haud
776 3348 936 3425 baptizatos
957 3366 1013 3405 non
1035 3346 1105 3405 adeo
1126 3353 1236 3404 constat
1254 3341 1366 3402 firmitas

187 3457 193 3462 ’
285 3450 456 3510 contractus,
470 3443 544 3501 solvi
557 3445 633 3503 enirn
646 3454 749 3523 potest,
764 3448 804 3504 uti
818 3447 951 3523 vidimus,
966 3445 995 3503 in
1009 3445 1075 3503 fidei
1088 3445 1224 3512 favorem,
1239 3445 1365 3502 alterutro

285 3539 321 3596 ad
335 3539 421 3596 fidem
436 3558 586 3611 converso,
600 3544 687 3601 altero
700 3545 766 3603 verd
788 3545 958 3603 detrectante
979 3546 1086 3617 absque
1107 3543 1253 3602 Creatoris
1274 3547 1365 3602 contu·

285 3635 370 3692 melia
382 3634 506 3692 habitare
523 3655 588 3696 oum
602 3641 688 3697 fideli.
732 3642 854 3728 Quando
867 3661 934 3702 voro
954 3663 991 3702 ex
1005 3644 1145 3703 Ecclesiae
1158 3641 1362 3720 dispensatione

284 3729 440 3790 conciliate
460 3740 527 3792 sunt
545 3737 653 3811 nuptiae
674 3739 746 3797 inter
767 3740 880 3798 fidelem
903 3752 932 3798 et
953 3742 1099 3801 hominem
1114 3760 1172 3800 non
1185 3741 1361 3818 baptizatum,

284 3830 403 3891 dubitari
413 3838 506 3908 potest
518 3839 611 3892 utrum
625 3835 683 3894 ullo
697 3837 726 3894 in
741 3856 834 3895 rerum
848 3849 949 3897 eventu
964 3842 1038 3900 solvi
1049 3850 1170 3915 queant:
1185 3841 1268 3898 nobis
1277 3848 1362 3899 autem

284 3931 394 3992 videtur
406 3949 520 4010 semper
533 3932 607 3992 solvi
620 3953 717 4012 posse,
732 3937 757 3993 si
770 3947 869 3994 renuat
877 3937 1000 3998 infidelis
1014 3959 1079 3998 cunr
1094 3939 1171 3997 fideli
1183 3939 1318 4005 habitare,
1331 3932 1362 3990 de

286 4051 321 4091 eo
334 4033 411 4092 enim
425 4031 482 4091 dici
495 4040 604 4110 potest:
628 4035 745 4101 “Quod
759 4037 784 4093 si
797 4035 921 4095 infidelis
934 4037 1064 4106 discedit,
1077 4033 1255 4097 discedat.”²

327 4135 394 4190 lll.
409 4132 551 4198 Quaeritur
561 4143 655 4193 utrum
667 4135 829 4205 catholico,
838 4136 897 4194 ullo
907 4137 935 4194 in
944 4156 1038 4195 rerum
1049 4147 1163 4204 eventu,
1172 4137 1208 4195 ad
1217 4137 1290 4213 legis
1300 4131 1361 4192 civis

283 4229 320 4287 lis
331 4230 494 4306 presidium
506 4231 758 4310 confugereliceat
771 4255 826 4308 qua
836 4234 986 4294 divortium
1001 4237 1106 4296 vinculi
1114 4236 1288 4296 conceditur.
1309 4230 1362 4292 Ali·

200 4373 202 4378 .
284 4327 399 4400 qnando
409 4331 767 4407 contingitmatrimonium
777 4336 958 4394 nullumesae
968 4336 1005 4394 ob
1014 4334 1249 4414 impedimentum
1258 4330 1362 4394 eanoni·

419 4533 461 4597 (l)
482 4531 552 4582 Mett.
565 4534 616 4585 xix.
629 4537 652 4582 6.
986 4540 1028 4605 (2)
1052 4537 1238 4588 lOor.vii.15.

1403 1066 1413 1088 ἱ

1486 3801 1488 3813 ι

1491 504 1501 804 l

1496 3202 1506 3492 'l

1495 3589 1506 3710 ‘¹
