3172 5172
292 516 1226 616 DEILSQUAEADCELEBRAND.REQU1RUNTUR.
1250 542 1306 598 roc

656 1065 798 1128 CAPUT
819 1067 873 1126 IV.

394 1288 433 1328 DE
453 1287 493 1328 ns
513 1286 582 1333 QUAE
603 1286 643 1327 Al>
655 1283 885 1350 *cunnnmnurl
904 1282 1130 1336 uustumuuuun.

624 1446 689 1523 §.L
731 1443 780 1504 Du
794 1462 916 1504 ansam.

261 1624 310 1679 96.
331 1617 426 1676 Altare
446 1616 591 1694 lapideum
617 1616 735 1675 omnino
748 1615 900 1688 requiritur
912 1614 948 1673 ad
961 1615 1092 1674 sacrificii
1117 1613 1223 1673 licitam
1238 1616 1312 1673 cele·

218 1720 394 1780 brati'onem:
418 1735 470 1775 nec
483 1734 610 1789 unquam
622 1716 690 1774 lieet
702 1716 810 1788 absque
824 1733 858 1773 eo
873 1714 1023 1783 celebrare,
1038 1716 1124 1774 etiam
1138 1713 1173 1772 ad
1186 1713 1312 1773 dandum

222 1829 327 1898 aegroto
353 1818 498 1884 viaticum,
519 1817 565 1874 vel
592 1814 627 1872 ad
652 1813 834 1892 praebendam
860 1813 988 1873 fidelium
1008 1812 1180 1873 multitudini
1200 1815 1312 1889 copiam

220 1918 359 1996 implendi
385 1917 531 1994 praecepti.
575 1913 691 1982 “Quod
712 1913 862 1987 quidem,”
880 1914 981 1987 inquit·
993 1914 1026 1971 S.
1041 1913 1182 1981 Thomas,
1203 1920 1312 1970 “com-

220 2020 290 2096 petit
302 2027 330 2075 et
342 2016 546 2095 significationi
569 2015 655 2092 hujus
682 2013 868 2072 sacramenti:
890 2014 1039 2087 tum-quia
1061 2012 1147 2071 altare
1171 2011 1314 2088 significat

222 2117 388 2176 Christum:
411 2115 514 2173 dieitur
540 2124 634 2173 autem
662 2113 763 2172 lCor.
778 2132 808 2170 x.
830 2121 928 2190 ‘petra
948 2123 1041 2171 autem
1062 2120 1122 2170 erat
1147 2109 1311 2170 Christus:2

222 2227 280 2275 tum
295 2217 381 2274 etiatn
394 2216 461 2288 quia
474 2232 578 2289 corpus
593 2213 703 2271 Christi
716 2213 746 2270 in
759 2211 912 2289 sepulchro
925 2213 1038 2290 lapideo
1059 2211 1111 2270 luit
1123 2211 1312 2270 reconditum.

223 2315 372 2399 Competit
385 2315 471 2370 etiam
492 2313 587 2384 quoad
600 2326 683 2371 usum
706 2312 894 2371 sacramenti:
915 2313 989 2388 lapis
1005 2313 1082 2370 enim
1097 2320 1125 2370 et
1138 2308 1246 2369 solidus
1260 2319 1312 2376 est,

223 2424 252 2472 et
275 2413 311 2471 de
329 2413 407 2470 facili
429 2421 525 2488 potest
545 2412 665 2469 inveniri
684 2405 839 2486 ubique.”¹
881 2410 965 2479 Quod
986 2412 1011 2468 si
1034 2410 1098 2483 quis
1119 2409 1195 2468 illius
1209 2409 1313 2467 oblitus

224 2513 317 2580 fuerit,
332 2511 377 2570 vel
391 2512 459 2569 alias
474 2528 508 2568 eo
521 2521 623 2580 careat,
637 2512 776 2589 populum
794 2528 908 2569 monere
922 2509 1063 2588 oportebit
1075 2507 1212 2575 defectus,
1227 2525 1263 2565 ne
1277 2525 1314 2564 ex

224 2613 318 2672 Missa
330 2610 406 2670 haud
419 2611 560 2669 celebrata
572 2610 736 2670 scandalum
751 2611 867 2669 oriatur.

263 2715 313 2771 97.
335 2709 543 2770 Consecratnm
567 2711 605 2768 sit
628 2711 662 2768 ab
682 2713 821 2789 episcopo
841 2727 960 2769 necesse
980 2718 1033 2778 est,
1048 2709 1098 2782 qui
1117 2707 1243 2786 lapidem
1261 2706 1314 2764 fra·

224 2811 319 2888 gilem,
334 2811 425 2883 qualis
439 2811 526 2887 vulgo
539 2808 641 2867 dicitur
653 2808 738 2876 alate,
753 2827 932 2883 nequaquam
947 2809 1221 2868 debetconsecrare:
1237 2805 1315 2880 quod

226 2912 251 2968 si
265 2910 349 2967 altare
363 2909 454 2987 frangi
468 2909 631 2986 contigerit,
644 2909 683 2966 ita
694 2919 726 2968 ut
738 2927 803 2986 pars
817 2909 927 2986 integra
944 2927 1002 2967 non
1025 2908 1146 2966 sufficiat
1166 2907 1267 2965 hostiae
1287 2914 1316 2962 et

225 3009 325 3086 majori
338 3011 410 3084 parti
424 3009 521 3067 calicis
534 3007 691 3086 capiendae,
704 3009 759 3066 alio
771 3007 878 3084 lapide,
892 3006 977 3084 hujus
991 3006 1092 3067 saltem
1107 3004 1313 3082 amplitudinis,

226 3127 298 3186 opus
324 3108 387 3177 erit,
414 3108 465 3182 qui
490 3108 551 3185 pari
571 3109 680 3166 ratione
701 3109 735 3165 ab
760 3109 898 3184 episcopo
924 3113 1115 3164 consecretur.
1164 3101 1315 3161 Portott'le

122 3223 127 3230 ·
226 3207 328 3266 dicitur
338 3207 422 3266 altare
433 3206 608 3284 hujusmodi,
618 3206 696 3280 quod
706 3209 735 3266 in
744 3225 844 3265 mensa
853 3206 1022 3283 repositum,
1031 3205 1064 3262 fit
1073 3203 1205 3262 sacrificii
1214 3203 1295 3261 locus
1306 3199 1314 3258 Ξ

226 3305 278 3364 sed
289 3305 395 3384 ficum
409 3306 494 3365 altare
509 3307 539 3365 in
557 3293 690 3364 ecclesiis
710 3314 824 3384 prestat
844 3305 958 3374 habere,
980 3303 1141 3377 etquidem
1163 3322 1200 3362 ex
1220 3301 1315 3380 lapide

227 3415 317 3464 totum
331 3406 504 3473 conlectum,
519 3414 550 3463 ct
559 3406 725 3468 solemniter
737 3414 951 3464 consecratum:
973 3403 1050 3477 quod
1064 3405 1089 3462 si
1103 3422 1119 3460 a
1131 3404 1191 3462 basi
1205 3404 1233 3461 vi
1244 3401 1318 3460 avel-

226 3504 307 3574 latur,
331 3507 376 3564 vel
400 3504 555 3564 admodum
576 3505 728 3582 frangatur,
742 3514 774 3563 ut
794 3523 860 3582 pars
881 3505 991 3581 integra
1010 3522 1068 3562 non
1082 3501 1205 3560 sufficiat
1217 3501 1315 3568 calicis

227 3606 328 3682 majori
341 3607 414 3684 parti
428 3595 574 3681 capiendas
588 3624 653 3664 cum
667 3605 770 3672 hostia,
788 3605 851 3682 jam
874 3623 933 3664 non
954 3603 1075 3662 habetur
1093 3595 1318 3662 consecratum.²

228 3703 351 3770 Quando
373 3705 403 3764 in
417 3703 548 3762 ecelesiis
563 3705 648 3762 altare
661 3704 751 3764 fixum
771 3719 829 3763 non
847 3714 900 3773 est,
921 3702 1077 3762 curandum
1091 3712 1122 3762 ut
1135 3723 1183 3762 ara
1203 3711 1222 3739 ‘⁶
1233 3704 1262 3761 iu
1282 3720 1317 3760 eo
1403 3771 1407 3778 Ὺ

228 3802 353 3860 inserta’'
377 3803 521 3871 habeatur,
545 3802 580 3861 ad
603 3804 724 3862 fusionis
747 3804 906 3881 periculum
929 3803 1091 3862 vitandum:
1120 3802 1198 3876 quod
1224 3811 1319 3860 tamen

230 3901 330 3972 nequit
342 3889 405 3960 lieri
417 3903 524 3976 ubique
538 3904 567 3960 in
580 3904 776 3963 missionibus.
1031 3900 1034 3906 ’

270 4002 319 4057 98.
343 4000 483 4076 Reliquiae
497 4004 527 4061 in
543 4002 622 4062 altari
644 4020 681 4061 ex
701 3988 841 4061 Ecclesiae
862 3999 1067 4060 consuetudine
1080 3998 1270 4072 requiruntur,
1285 4005 1316 4053 ut

231 4110 395 4160 sanctorum
409 4121 475 4161 curn
488 4101 607 4162 Christo
621 4103 741 4161 societas
754 4101 928 4178 designetur,
942 4108 972 4158 et
983 4099 1086 4158 veteris
1101 4097 1189 4155 moris
1209 4113 1321 4152 sacmm

230 4200 391 4260 celebrandi
405 4202 435 4260 iu
456 4211 614 4284 martymm
628 4201 789 4280 sepulchris
803 4207 929 4257 servetur
941 4204 1157 4257 monumentum
1168 4215 1180 4253 a
1198 4203 1322 4252 attamen

231 4299 359 4378 indulget
379 4302 464 4361 nobis
491 4301 582 4360 Sedes
605 4302 773 4380 Apostolica
786 4299 947 4358 facultatem
960 4295 1120 4356 celebrandi
1141 4293 1282 4353 “subdio
1296 4304 1324 4354 et

304 4503 347 4569 (1)
366 4501 400 4552 iii.
412 4519 436 4568 p.
448 4518 490 4567 qu·
501 4503 596 4554 lxxxiii.
608 4509 651 4553 art.
662 4501 735 4554 iiiad
746 4503 770 4550 5.
925 4501 967 4568 (2)
987 4499 1049 4565 Gap.
1060 4499 1094 4550 iii.
1105 4498 1134 4552 dc
1146 4512 1249 4551 eostaeor.

271 4579 348 4640 Von.
364 4581 500 4642 Ill-ll
