3108 5162
274 559 335 616 9511
471 553 529 614 DE
550 551 869 615 lnrnmnnnrts
890 551 1164 613 MATRIMONII.

277 719 310 782 ld
343 721 428 800 igitur
448 727 529 779 extra
553 737 669 780 omnem
693 720 783 782 aleam
809 719 992 778 dubitationis
1016 721 1140 798 positum
1170 728 1227 788 est,
1265 719 1386 779 horreti-

274 839 374 884 corum
396 820 521 897 nuptias,
541 820 647 893 ubique
668 821 697 880 15
715 818 772 878 hac
791 819 908 898 regione
930 819 1034 888 valere,
1056 822 1168 894 quoties
1197 839 1265 878 non
1289 821 1387 877 obstat

275 922 446 980 canonicum
461 919 537 980 aliud
552 919 797 997 impedimentum,
811 919 885 977 sicut
904 929 933 978 et
953 919 1156 978 catholicorum
1170 939 1238 978 oum
1256 919 1298 977 iis
1314 938 1385 979 con·

271 1023 363 1100 jugia,
389 1038 456 1080 nam
477 1021 642 1078 immunitas
662 1019 754 1096 alege
774 1036 831 1090 qua
851 1017 905 1076 hac
924 1037 960 1076 ex
982 1027 1062 1094 parte
1082 1019 1185 1095 gaudet
1203 1019 1384 1086 haereticus,

275 1121 417 1182 catholico
440 1139 538 1180 secum
561 1117 736 1179 contrahenti
757 1118 993 1186 communicatur,
1014 1119 1056 1176 uti
1080 1117 1165 1176 docet
1191 1118 1384 1176 Benedictus

274 1222 359 1282 XIV.

317 1325 383 1380 187.
406 1318 439 1378 15
453 1316 524 1376 locis
538 1316 585 1374 ubi
600 1318 779 1394 promulgata
791 1326 834 1374 est
847 1315 896 1374 lex
911 1315 1094 1384 Tridentino,
1108 1316 1254 1391 parochus
1272 1315 1381 1374 alteru·

275 1421 344 1478 trlus
359 1418 459 1494 sponsi
469 1417 515 1476 vel
528 1417 601 1476 alius
612 1416 755 1484 sacerdos,
767 1417 878 1492 exejus
892 1417 984 1483 venia,
997 1417 1040 1474 vel
1052 1416 1181 1492 episcopi
1192 1417 1383 1482 auotorilate,

275 1519 375 1578 adesse
389 1516 474 1576 debet
486 1525 518 1574 ut
529 1517 640 1574 valeant
652 1517 767 1594 nuptie,
782 1533 834 1574 nec
854 1517 932 1574 enim
953 1516 1071 1588 quilibet
1084 1514 1218 1572 sacerdos
1231 1535 1292 1574 sua
1305 1531 1381 1591 prae·

275 1619 366 1678 sentio
379 1635 427 1676 eas
440 1617 544 1674 firmat.
586 1615 639 1686 Nil
653 1617 777 1696 interest
799 1615 832 1672 ad
854 1615 977 1674 valorem
1001 1625 1094 1673 utrum
1111 1615 1163 1672 viri
1177 1615 1221 1672 vel
1236 1615 1379 1674 mulieris

275 1719 312 1777 sit
324 1716 476 1795 parochus,
498 1714 547 1787 qui
570 1717 655 1773 etiam
674 1713 769 1792 p‘otsat
789 1715 817 1772 in
841 1716 933 1775 aliena
952 1715 1074 1791 paroecia
1086 1714 1192 1790 nuptiis
1206 1714 1339 1783 adstare,
1354 1714 1380 1771 si

277 1818 408 1877 alteruter
421 1833 436 1873 e
450 1816 566 1892 sponsis
579 1833 650 1874 suus
663 1815 855 1891 parochianus
869 1816 922 1872 sit:
944 1815 1043 1888 nequit
1055 1823 1148 1871 tamen
1162 1814 1332 1873 solemnem
1348 1815 1378 1871 in

278 1919 372 1978 Missa
395 1935 447 1994 pro
470 1915 593 1991 Sponsis
616 1914 842 1973 benedictionem
863 1909 943 1973 extr'a
965 1931 1046 1972 suam
1068 1913 1232 1989 parociam,
1260 1916 1377 1986 absque

277 2019 360 2076 venia
373 2015 489 2092 parochi
502 2015 569 2082 loci,
583 2015 659 2082 dare,
671 2017 766 2091 gravis
780 2016 858 2073 enim
873 2015 946 2072 soret
958 2014 1084 2072 muneris
1098 2013 1184 2070 alieni
1197 2006 1380 2090 usurpatio!

278 2119 311 2176 si
324 2115 466 2194 parochus
477 2123 600 2188 nequeat
612 2115 729 2173 omnino
742 2114 849 2183 haberi,
861 2114 903 2172 uti
913 2123 1059 2190 grassante
1072 2115 1273 2190 persecutione
1289 2112 1375 2172 sacile

279 2215 427 2289 contingit,
442 2213 573 2270 sacerdos
588 2213 660 2270 alius
674 2213 830 2272 catholicus
845 2212 992 2272 adeundus
1006 2222 1059 2280 est,
1080 2215 1104 2272 si
1125 2212 1207 2269 detur
1219 2214 1318 2288 copia,
1333 2212 1376 2270 uti

279 2311 431 2373 declaravit
451 2311 522 2370 Pius
536 2311 592 2371 Vl.
606 2312 635 2371 in
656 2312 747 2390 Resp.
768 2317 807 2371 22
831 2313 939 2390 Aprilis
957 2316 1044 2382 1795,
1059 2311 1094 2369 de
1109 2312 1268 2370 Galliarum
1284 2314 1374 2370 rebus

280 2417 487 2498 interrogatum
508 2423 603 2471 utrum
626 2424 719 2472 autem
740 2414 851 2472 valeant
870 2413 987 2490 nuptia,
1012 2413 1037 2470 si
1051 2412 1221 2489 negligatur,
1236 2414 1266 2470 15
1280 2429 1378 2485 qums·

281 2515 388 2574 tionem
402 2520 527 2580 vocatur,
543 2510 747 2572 affirmantibus
760 2513 870 2570 favente
884 2505 1041 2570 Carriere.³

319 2617 387 2671 188.
409 2612 574 2688 Episcopus
599 2621 697 2687 utpote
724 2603 811 2670 totius
836 2612 929 2689 gregis
955 2623 1062 2687 pastor,
1088 2619 1183 2686 potest
1206 2611 1317 2683 ubique
1342 2612 1372 2669 in

275 2711 392 2770 diocesi
406 2728 458 2768 sua
477 2711 629 2784 prasentia
648 2711 760 2768 firmare
775 2713 928 2787 conjugia:
950 2709 1027 2782 quod
1041 2719 1069 2768 51
1082 2710 1156 2767 valet
1168 2711 1288 2768 vicarius
1304 2711 1370 2788 ejus

277 2807 416 2888 generalis
436 2808 521 2864 etiam
540 2815 638 2864 contra
658 2809 775 2866 vetitum
797 2809 938 2885 episcopi,
954 2811 1003 2882 qui
1022 2811 1072 2867 vix
1093 2807 1177 2866 debet
1195 2810 1241 2867 rel
1259 2811 1370 2868 vicario

275 2905 400 2984 generali
415 2905 458 2962 vel
471 2902 604 2982 parooln‘s
615 2903 670 2962 hoc
684 2925 788 2964 munus
802 2908 964 2984 prohibere.
1007 2908 1155 2966 Parochus
1170 2909 1368 2968 excommuni-

275 3015 364 3073 catus,
379 3003 463 3062 etiarn
476 3003 617 3072 vitandus,
629 3005 790 3083 irregularis
802 3017 831 3065 51
844 3025 1011 3083 suspensus,
1021 3018 1115 3085 potest
1125 3007 1234 3066 adstare
1247 3009 1369 3085 nuptiis,

275 3123 340 3166 nam
367 3103 474 3164 nnllam
501 3115 617 3162 exercet
637 3105 875 3183 jurisdictionem,
902 3106 954 3164 scd
977 3115 1083 3166 tantum
1109 3107 1200 3165 adstat
1222 3116 1369 3180 tamquam

277 3208 375 3266 testis:
397 3223 516 3283 peccare
531 3213 623 3264 155555
644 3205 755 3264 videtur
767 3216 848 3265 extra
867 3206 1065 3265 necessitatem
1081 3207 1321 3266 communicando
1336 3210 1367 3267 15

276 3309 361 3367 rebus
381 3307 472 3364 sacris
493 3323 558 3363 cum
580 3304 722 3374 fidelibus,
746 3306 902 3384 presertim
925 3307 950 3363 si
972 3306 1000 3364 id
1023 3307 1149 3364 muneris
1169 3308 1206 3364 ob
1226 3308 1369 3383 speciales

277 3425 377 3466 causas
393 3405 511 3465 vetuerit
524 3406 690 3482 episcopus.

321 3510 387 3564 189.
415 3505 564 3564 Parochus
578 3505 662 3563 debet
674 3507 713 3563 ita
726 3505 827 3564 adesse
841 3517 872 3564 nt
892 3506 986 3564 testari
1006 3507 1098 3581 possit
1116 3507 1229 3582 nuptias
1250 3506 1325 3574 iniri,
1340 3508 1368 3564 si

277 3605 353 3658 enim
367 3621 482 3677 prorsus
497 3603 525 3659 id
539 3605 661 3679 ignoret,
676 3606 738 3682 jam
752 3625 810 3664 non
825 3617 957 3664 censetur
970 3606 1049 3664 testis
1063 3607 1270 3664 auctorisabilis
1283 3607 1369 3664 susti·

275 3713 343 3754 nere
358 3706 471 3771 partes:
493 3701 569 3767 quod
584 3702 609 3757 si
623 3703 736 3760 affectet
756 3707 954 3779 ignorantiam,
968 3716 997 3763 et
1010 3706 1116 3764 invitus
1130 3703 1255 3773 adsistat,
1270 3705 1368 3763 valent

275 3803 369 3853 tamen
391 3793 507 3869 nuptie,
528 3793 593 3851 licet
612 3798 675 3871 ipse
698 3801 807 3858 nullum
830 3813 946 3878 peragat
967 3807 1063 3874 ritum,
1084 3805 1180 3878 nilque
1204 3806 1288 3862 saciat
1307 3823 1366 3876 qno

274 3895 408 3955 assentiat
420 3893 461 3952 rei
481 3902 586 3972 geste:
609 3905 694 3971 prout
706 3897 774 3956 olim
788 3899 821 3956 S.
837 3897 1032 3979 congregatio
1046 3904 1170 3974 concilii,
1185 3923 1259 3962 anno
1276 3907 1364 3972 1581,

275 3995 422 4074 respondit
434 3995 572 4074 episcopo
594 3994 764 4065 Giennensi‚
779 4008 807 4056 et
820 4018 894 4059 anno
911 4005 988 4060 1835
1009 4003 1041 4063 S.
1057 4003 1153 4083 Cong.
1168 4003 1365 4077 Inquisitionie

275 4096 411 4174 episcopo
430 4097 623 4163 Quebecensi.
666 4095 797 4159 Graviter
816 4109 908 4160 autern
923 4115 1042 4180 peccant
1055 4106 1253 4164 contrahentes
1267 4121 1364 4160 coram

277 4196 403 4271 parocho
428 4197 527 4265 invito,
554 4216 619 4258 narn
641 4209 846 4260 sacramentum
871 4201 989 4280 indigne
1015 4212 1142 4271 5551551,
1169 4214 1198 4262 51
1220 4203 1362 4262 Ecclesia

477 4355 519 4418 (1)
541 4353 640 4414 Artaud,
653 4354 717 4406 Hist.
729 4355 762 4406 du
774 4356 840 4420 Papo
853 4358 896 4408 Pie
907 4358 963 4409 vlt.
975 4365 992 4408 t.
1003 4359 1028 4409 ii.
1040 4377 1060 4410 5
1074 4361 1104 4410 vi.

472 4439 516 4504 (2)
537 4437 563 4486 S.
576 4439 649 4503 Alph.
663 4440 679 4489 1.
691 4440 723 4489 vi.
734 4457 760 4491 n,
774 4445 847 4492 1087.

472 4523 515 4586 (3)
535 4520 574 4572 De
585 4523 645 4575 Mat.
657 4531 674 4573 t.
685 4525 710 4574 ii.
720 4541 770 4590 par.
782 4527 814 4576 111.
827 4531 850 4588 ς.
861 4527 885 4577 11.
897 4545 918 4580 5.
929 4529 963 4580 111.
974 4547 998 4580 5.
1012 4531 1085 4581 1209.
