3144 5192
256 509 316 568 2⁶4
534 498 736 562 ctNONEs
757 497 1067 560 POENITENTIAE.

295 671 354 742 Qui
367 668 551 748 turpiloquio,
565 675 738 758 aspectuque
752 667 887 746 polluitur
900 666 1060 746 negligens,
1081 684 1134 726 nec
1147 687 1214 728 vere
1228 687 1350 746 peceare

256 771 356 840 voluit,
371 768 565 848 penitentem
579 775 644 845 eget
665 767 727 826 dies
748 767 866 846 viginti:
891 766 917 824 si
936 784 1004 826 vere
1025 769 1241 844 impugnatione
1262 779 1351 830 teute-

256 871 341 931 tionis
354 879 384 928 et
396 867 577 948 cogitationis
590 867 763 941 inquinatur,
778 866 927 943 poenitebit
938 865 1006 926 item
1019 865 1081 926 dies
1096 867 1206 945 viginti.

295 969 478 1042 Quicumque
490 966 667 1027 lenocinium
681 967 850 1034 exercuerit,
872 964 1066 1042 poenitentiam
1087 977 1151 1044 aget
1170 985 1260 1026 anuos
1273 964 1348 1026 duos

257 1087 309 1148 per
320 1070 463 1147 legitimas
477 1067 577 1126 series:
599 1066 666 1124 item
689 1083 797 1124 sacram
820 1066 1054 1124 communionem
1075 1085 1133 1126 nou
1146 1067 1276 1144 accipiet,
1290 1067 1348 1125 uisi

256 1171 287 1230 in
299 1169 366 1230 line.

298 1268 331 1325 si
354 1284 417 1340 que
437 1264 539 1322 mulier
552 1263 676 1341 perusia,
699 1263 791 1322 aliove
805 1263 952 1341 pigmento
971 1281 1002 1320 se
1023 1263 1134 1332 oblinit,
1154 1273 1185 1322 ut
1202 1264 1264 1322 eliis
1277 1264 1346 1322 viris

257 1367 378 1443 placent,
393 1363 560 1442 penitentia
572 1361 710 1422 afficiebar
723 1380 862 1422 annorum
876 1363 971 1421 trium.

260 1646 396 1706 Oenonen
406 1651 573 1725 spectantes
581 1650 706 1724 peccota
716 1650 821 1704 contro
830 1642 991 1724 septimum
1006 1641 1347 1725 Deculugipraectptum.

298 1853 356 1921 Qui
370 1853 478 1912 iuratus
491 1859 536 1909 est
548 1849 654 1923 aliquid
668 1849 703 1908 de
717 1849 846 1909 ecclesias
859 1851 1040 1928 supellectili,
1054 1851 1100 1910 vel
1114 1851 1255 1920 thesauro,
1269 1851 1347 1924 quod

258 1953 382 2022 sustulit,
396 1952 513 2020 reddetr
538 1958 566 2008 et
586 1959 641 2008 tres
655 1949 764 2008 cannas
785 1968 851 2008 cum
864 1959 975 2027 septem
989 1952 1176 2024 sequentibus
1190 1953 1272 2010 anuis
1286 1969 1347 2027 poe·

258 2053 366 2112 nitebit.

298 2150 356 2216 Qui
370 2167 463 2206 sacras
477 2148 610 2219 reliquias
624 2146 730 2204 iuratus
743 2157 796 2216 est,
809 2146 866 2205 illis
880 2147 1024 2218 restitutis,
1036 2149 1145 2207 carinas
1154 2149 1304 2226 jejunabit.

298 2248 456 2307 Pecuniam
469 2245 689 2306 ecclesiasticam
703 2247 821 2316 iuratus,
835 2246 1024 2323 quadruplum
1038 2247 1144 2316 reddet,
1158 2250 1183 2308 ei
1198 2247 1266 2321 quid
1279 2248 1345 2306 item

258 2348 294 2408 de
308 2348 465 2408 ministerio
479 2345 605 2404 ecolesiae
626 2347 722 2420 aliquo
743 2346 829 2406 modo
843 2347 1017 2423 surripuerit,
1039 2347 1178 2424 penitens
1191 2349 1245 2405 erit
1256 2365 1345 2408 annos

259 2460 381 2526 septem.
433 2447 595 2524 Sacrilegus
622 2466 716 2506 rerum
742 2446 1000 2506 ecclesiasticarum
1023 2447 1146 2516 invasor,
1173 2456 1229 2506 tres
1256 2466 1344 2506 annos

259 2548 461 2608 cummunione
476 2547 649 2622 privabitur:
672 2565 704 2604 ec
726 2555 861 2622 praeterea
881 2545 943 2604 sine
963 2565 1013 2604 esu
1037 2547 1131 2604 carnis
1154 2555 1183 2605 et
1205 2548 1344 2623 potatione

259 2649 318 2704 vini
331 2663 421 2718 usque
435 2644 469 2702 ad
483 2645 663 2720 septennium
677 2645 819 2719 poenitens
833 2646 1019 2719 permanebit.

297 2744 356 2810 Qui
375 2741 526 2799 eeclesiam
547 2741 713 2808 incenderit,
734 2751 781 2798 aut
800 2743 933 2802 incendio
953 2745 1141 2814 consenserit,
1170 2745 1344 2803 restitutione

258 2843 339 2907 faeta,
354 2839 548 2916 penitentiam
562 2849 626 2916 aget
639 2859 727 2898 anuos
741 2840 914 2912 quindecim.

298 2940 331 3006 si
345 2939 409 3012 quis
431 2938 508 2997 malo
528 2938 633 3007 studio,
655 2939 700 2998 vel
720 2940 797 3008 odio,
821 2941 866 2999 vel
887 2941 1059 3001 ulcisceudae
1072 2941 1183 3019 injurie
1196 2960 1291 3009 causa,
1304 2944 1344 3000 in·

259 3039 391 3099 cendium
406 3038 601 3106 commiserim
622 3040 798 3098 committive
817 3041 945 3118 jusserit,
960 3050 1007 3099 aut
1019 3039 1194 3100 incendiario
1209 3043 1346 3100 auxilium

258 3141 304 3198 vel
318 3140 468 3199 consilium
482 3140 604 3197 scienter
617 3137 734 3208 dederit,
750 3141 1027 3198 excommunicetur:
1048 3150 1177 3199 mortuus
1191 3140 1343 3200 christiana

259 3241 402 3316 sepultura
415 3239 529 3296 carebit.
573 3238 602 3296 N
605 3257 638 3296 ec
653 3257 719 3298 vero
733 3239 903 3306 absolvetur,
926 3240 981 3298 nisi
995 3239 1130 3298 damnum
1144 3258 1196 3316 pro
1210 3240 1344 3298 facultati·

258 3340 311 3396 bus
324 3338 502 3406 resarcierit;
518 3329 652 3415 juretque
673 3357 704 3396 se
728 3339 756 3397 in
779 3349 924 3416 posterum
944 3339 998 3396 tale
1017 3339 1128 3398 lacinus
1141 3358 1286 3413 nunquam
1300 3338 1345 3396 ad-

258 3440 425 3496 missurum.

298 3537 330 3594 Si
345 3538 408 3608 quis
422 3535 584 3611 sepulcrum
600 3536 757 3605 violaverit,
772 3537 914 3613 poeuitens
935 3537 989 3596 erit
1011 3555 1100 3596 annes
1120 3547 1242 3614 septem,
1257 3557 1272 3596 e
1286 3539 1346 3611 qui·

257 3636 309 3693 bus
324 3645 379 3689 tres
394 3634 422 3688 in
437 3649 508 3708 pane
522 3643 552 3689 et
564 3651 646 3705 aqua.

296 3730 354 3796 Qui
367 3729 530 3806 sepulcrum
545 3729 700 3808 infregerit,
714 3740 745 3789 ut
758 3730 884 3792 defuncti
897 3733 1003 3812 sepulti
1016 3736 1184 3794 vestimenta
1197 3736 1344 3802 furaretur,

257 3831 397 3910 poenitens
410 3829 463 3886 erit
476 3847 566 3887 annos
581 3828 653 3888 duos
666 3847 717 3906 per
729 3831 870 3908 legitimas
884 3832 978 3890 serias.
1006 3884 1009 3890 .

297 3931 354 3999 Qui
369 3929 404 3988 de
418 3929 619 3998 oblationibus,
644 3947 706 4001 quae
726 3931 854 3990 ecelesiis
874 3931 955 3996 facte
976 3941 1052 4002 sunt,
1066 3933 1174 4008 aliquid
1188 3935 1344 4001 retinuerit,

256 4034 397 4110 penitens
411 4030 465 4087 erit
478 4029 540 4088 dies
554 4030 738 4106 quadraginta
751 4031 780 4089 in
794 4049 868 4108 pane
882 4042 909 4090 et
922 4051 1004 4106 aqua.

296 4131 353 4200 Qui
380 4131 520 4188 decimam
547 4131 601 4188 sibi
623 4131 779 4199 retinuerit,
807 4141 854 4191 aut
873 4133 939 4191 dare
965 4133 1133 4210 neglexerit,
1158 4131 1346 4210 quadruplum

256 4234 393 4298 restituet,
409 4240 438 4286 et
450 4230 645 4306 penitentiam
658 4240 724 4308 aget
736 4230 797 4291 dies
812 4233 911 4310 viginti
925 4233 955 4291 in
969 4250 1041 4310 pane
1054 4241 1082 4290 et
1094 4249 1177 4306 aque.

297 4330 354 4397 Qui
381 4329 531 4406 hospitalis
558 4328 660 4388 domus
683 4329 891 4390 administrator
911 4331 1017 4404 aliquid
1043 4331 1079 4390 de
1098 4318 1347 4390 ¹administratione

256 4428 435 4494 subtraxerit,
449 4430 578 4486 restituet
591 4428 666 4500 quod
681 4430 804 4499 abstulit,
818 4432 1016 4508 poenitensque
1030 4433 1083 4491 erit
1095 4449 1186 4491 annus
1200 4441 1265 4490 tres.
