3124 5168
537 530 596 591 DE
617 529 990 593 OONFIRMATIONE.
1270 544 1305 598 or

211 696 360 775 expressio
374 695 430 754 SS.
445 694 606 756 Trinitatis.
627 702 657 758 3.
679 698 713 757 Si
724 699 869 758 omittatur
880 702 1000 760 verbnm
1013 708 1052 760 te.
1073 704 1102 758 4.
1124 701 1157 760 Si
1176 702 1307 764 omittan-

212 807 257 855 tur
270 797 356 855 verbe
375 795 466 873 signo
481 795 590 866 crucia,
605 798 652 856 vel
665 797 828 858 chrismate
847 798 968 858 solutis.
1011 799 1157 860 Caeterum
1177 813 1244 860 sunt
1258 806 1308 877 qni

210 904 313 973 putant
326 903 414 954 totam
433 897 603 954 sacramenti
621 899 773 956 essentiam
788 899 819 956 in
838 917 872 956 ea
885 917 1022 959 manuum
1042 900 1229 978 impositione
1243 920 1307 975 quoe
1357 893 1359 897 ’

212 995 244 1052 fit
266 993 333 1053 dum
353 994 478 1071 Spiritus
498 995 620 1054 Sanctus
640 997 796 1066 invocatur,
811 999 943 1056 manibus
963 1000 1094 1076 episcopi
1116 1017 1185 1076 erga
1204 1001 1307 1060 confir·

213 1091 332 1152 mandes
345 1094 482 1163 extensis,
497 1095 663 1164 consistere,
678 1098 727 1168 qui
741 1097 861 1172 proinde
875 1097 997 1157 formam
1009 1099 1039 1156 in
1050 1099 1114 1174 ipsa
1127 1099 1307 1158 invocatione

213 1194 405 1252 constituunt:
425 1211 478 1252 nco
491 1193 569 1252 enim
589 1193 716 1272 Eugenii
728 1194 874 1254 decretum
895 1198 983 1256 instar
1003 1197 1176 1257 definitionis
1197 1197 1306 1258 edium

212 1300 266 1360 est,
280 1291 332 1352 sed
352 1293 546 1352 instructionis
567 1312 663 1362 eausa,
684 1302 713 1352 et
732 1295 824 1354 sorma
847 1305 876 1353 et
895 1297 1014 1356 materia
1039 1307 1224 1356 recensentur
1249 1297 1306 1356 lato

214 1387 339 1465 quodam
352 1409 449 1460 sensu,
463 1401 547 1468 prout
560 1392 589 1450 in
603 1393 711 1452 scholis
726 1394 894 1470 plerumque
905 1396 1145 1472 intelligebantur.
1188 1395 1302 1455 Horum

214 1500 308 1550 tamen
321 1491 489 1550 sententiam
503 1491 621 1551 omnino
635 1492 735 1551 salsam
750 1495 915 1569 pronuntiat
928 1494 960 1552 S.
976 1495 1155 1571 Alphonsus.

253 1593 282 1648 5.
303 1590 438 1649 Minister
457 1589 615 1648 ordinarius
635 1592 861 1651 confirmationis
882 1601 926 1652 est
939 1594 1018 1651 solus
1039 1595 1205 1671 episeopus,
1219 1604 1305 1669 prout

213 1683 739 1759 definivitconciliumTridentinum,²
753 1692 879 1768 “legitur
889 1693 1145 1766 tamenaliquando
1154 1710 1204 1769 per
1213 1692 1306 1770 Apos-

213 1787 304 1846 tolicae
331 1787 417 1845 Sedis
437 1787 692 1865 dispensationem,
706 1809 743 1848 ex
769 1791 929 1850 rationabili
949 1803 978 1850 et
1002 1801 1121 1869 urgente
1148 1791 1306 1849 admodum

213 1905 308 1954 causa,
320 1887 483 1964 simplicem
493 1888 681 1958 sacerdotem,
690 1889 843 1949 chrismate
853 1910 904 1966 per
916 1892 1085 1968 episcopum
1097 1889 1240 1956 consecto,
1252 1890 1309 1947 boc

214 1985 428 2044 administrasse
448 1987 672 2047 confirmationis
687 1986 947 2049 sacramentum.'’²
986 1990 1032 2050 Ea
1045 1990 1163 2048 facultas
1183 1990 1307 2065 plerum·

214 2103 270 2157 que
295 2085 462 2144 conceditur
482 2087 628 2146 Praefectis
654 2088 841 2164 Apostolicis.
884 2088 970 2166 Apud
992 2089 1122 2157 Graecos,
1143 2087 1307 2146 sacerdotes

214 2185 321 2260 passim
330 2185 577 2244 confirmationem
592 2183 762 2254 ministrant,
777 2207 813 2244 cx
830 2191 917 2247 veteri
932 2207 1029 2247 more:
1045 2189 1097 2247 sed
1112 2197 1131 2226 “
1141 2189 1261 2247 omnino
1276 2189 1307 2246 in

216 2284 350 2342 confesse
363 2293 408 2342 est
421 2284 528 2343 irritam
543 2303 620 2342 nunc
633 2285 693 2343 fore
708 2285 954 2345 confirmationem
970 2307 986 2344 a
999 2287 1123 2362 simplici
1138 2288 1307 2363 presbytero

215 2382 317 2442 Latine
330 2401 368 2442 ex
382 2383 444 2442 sola
457 2383 587 2460 episcopi
600 2382 779 2460 delegatione
793 2385 936 2452 collatam,
951 2385 1017 2456 quis
1031 2384 1122 2442 Sedes
1141 2384 1308 2460 Apostolica

217 2481 245 2540 id
255 2482 328 2559 juris
342 2483 398 2540 sibi
411 2482 496 2540 unice
510 2473 713 2540 reservavit.''³

255 2584 284 2638 e.
306 2581 501 2658 “Episcopus
516 2580 690 2639 confirmans
704 2581 734 2640 in
749 2581 840 2638 aliena
852 2581 968 2641 diecesi
983 2582 1067 2640 etiam
1081 2581 1211 2640 subditos
1225 2599 1305 2648 snos,

216 2680 335 2737 incurrit
346 2681 567 2758 suspensionem
580 2699 597 2736 a
610 2680 826 2739 Pontificalibus
847 2682 910 2762 ipso
923 2683 990 2759 jure
1013 2699 1051 2740 ex
1075 2680 1207 2740 Trident.
1223 2681 1304 2740 Sese.

215 2781 244 2836 e.
265 2796 291 2836 c.
307 2783 335 2835 5.
351 2789 380 2837 et
392 2779 591 2838 Declaratione
606 2780 638 2838 S.
654 2773 732 2838 0.”⁴
751 2781 826 2838 valet
838 2790 934 2840 nmen
955 2781 1142 2839 confirmatio.
1185 2781 1307 2841 Alienos

216 2877 247 2934 in
267 2893 320 2936 sua
339 2875 455 2935 diecesi
473 2878 540 2936 licet
552 2878 729 2944 confirmare,
743 2881 770 2936 si
790 2879 910 2938 constet*
922 2880 958 2938 de
980 2879 1108 2956 praesulis
1127 2898 1226 2938 eorum
1241 2899 1309 2938 con·

217 2984 315 3042 sensu,
331 2976 377 3034 vel
391 2975 429 3034 ita
442 2975 513 3034 ferat
526 2977 713 3044 consuetudo,
725 2987 810 3052 prout
822 2977 896 3053 apud
911 2997 964 3036 nos
978 2977 1051 3034 serre
1065 2975 1185 3034 videtur.

256 3080 286 3134 7.
308 3073 428 3135 Certum
448 3085 492 3134 est
512 3076 587 3152 apud
606 3094 708 3135 omnes
728 3077 898 3152 episcopum
918 3075 1042 3153 graviter
1061 3092 1181 3150 peceare
1202 3075 1228 3130 si
1248 3074 1307 3140 diu,

217 3185 285 3250 puta
298 3194 350 3252 per
362 3185 427 3236 octo
442 3175 488 3233 vel
501 3174 601 3234 decem
616 3193 715 3243 annos,
730 3177 857 3252 negligat
865 3173 1016 3234 circumire
1030 3173 1178 3231 dioecesim
1193 3171 1228 3230 ad
1242 3191 1310 3231 eon·

217 3273 383 3333 firmationis
416 3284 624 3333 sacramentum
650 3273 916 3348 administrandum,
943 3274 1035 3352 privat
1065 3273 1144 3332 enirn
1177 3273 1308 3332 subditos

218 3373 322 3432 auxilio
336 3374 456 3434 maximi
469 3375 628 3432 momenti:
650 3374 676 3430 si
690 3382 783 3432 autem
796 3373 966 3449 impediatur
976 3373 1067 3441 senio,
1080 3373 1126 3430 vel
1136 3372 1309 3439 infirmitate,

216 3483 379 3542 excusatur,
394 3473 469 3531 sieut
488 3481 517 3530 et
534 3474 585 3546 qui
604 3491 642 3531 ex
664 3474 743 3550 justa
762 3492 848 3531 eausa
873 3471 972 3531 differt
993 3490 1044 3548 per
1065 3478 1121 3529 tres
1144 3471 1190 3529 vel
1213 3471 1310 3550 plures

218 3569 332 3630 annos.⁵
372 3571 548 3632 Moribundo
568 3573 675 3649 petenti
698 3590 756 3630 non
781 3581 826 3631 est
845 3571 1025 3632 confirmatio
1051 3569 1238 3648 deneganda:
1259 3570 1310 3628 sed

217 3688 275 3728 non
288 3671 478 3731 videturesse
498 3672 592 3748 gravis
611 3671 747 3748 obligatio
760 3691 824 3731 eam
845 3671 1006 3750 prestandi,
1022 3689 1110 3745 quum
1131 3671 1310 3730 consuetudo

218 3786 276 3827 non
290 3767 360 3828 ferat
372 3785 404 3829 ut
417 3763 524 3847 passim
548 3771 611 3829 fiat:
627 3780 655 3828 et
667 3790 752 3848 grave
767 3773 852 3830 nimis
873 3773 946 3830 soret
958 3772 1096 3848 episeopo
1116 3771 1239 3849 singulis
1260 3773 1309 3842 qui

219 3865 395 3942 neglexerint
407 3879 617 3930 sacramentum
631 3871 790 3947 suscipere,
806 3873 835 3930 in
849 3871 1013 3930 discrimine
1027 3871 1092 3928 vite
1106 3871 1269 3928 subvenire.

260 3968 289 4021 8.
312 3965 441 4026 Effectus
461 3970 683 4028 confirmationis
704 3981 771 4028 sunt
784 3972 882 4048 gratim
902 3977 1087 4047 augmentum
1108 3987 1174 4026 eum
1195 3964 1309 4024 auxiliis

219 4064 402 4141 specialibus,
416 4075 444 4124 et
456 4067 600 4128 character
613 4069 784 4129 indelebilis.
829 4070 917 4128 “Per
931 4069 1147 4126 Sacramentum
1160 4063 1311 4122 confirma·

294 4278 337 4345 (¹)
357 4277 422 4328 ⁸⁶⁶⁵·
435 4278 476 4330 vii·
487 4281 593 4332 mvii.
813 4263 819 4267 ’
873 4281 915 4348 (2)
935 4278 1066 4328 Decretum
1077 4288 1120 4340 pro
1129 4272 1252 4324 Armenia.

295 4365 338 4429 (³)
358 4363 451 4415 Bened.
462 4364 533 4414 XIV.
544 4367 574 4417 ds
585 4382 640 4430 syn.
651 4365 721 4416 dioec.
733 4366 749 4416 l.
761 4364 803 4414 sii.
813 4379 835 4414 c.
846 4364 895 4414 viii.
907 4379 933 4412 n.
945 4366 969 4412 7.

295 4449 337 4514 (4)
358 4449 470 4515 S.Alph.
482 4451 541 4501 lvi.
554 4468 579 4500 n.
594 4455 650 4500 171.
870 4450 913 4514 (5)
932 4447 1070 4506 Ῑὺίᾶοω,ιι.
1086 4447 1140 4493 175.
1213 4447 1226 4461 “

264 4542 341 4601 Vos..
357 4543 475 4604 ΙΙΙ.-7
