3172 5172
530 561 587 620 on
608 561 732 621 Missi
752 524 1030 622 nesciorum.
1273 567 1330 624 ras

242 729 387 790 decretum
407 727 515 808 Urbani
535 737 630 804 potest
650 727 792 796 sacerdos,
807 727 853 785 cui
873 728 974 789 Missa
988 726 1163 786 celebrandae
1184 727 1329 788 traduntur

244 848 297 907 per
309 830 395 887 aliurn
409 827 578 894 satisfacere,
593 825 696 884 collato
710 827 751 885 illi
764 827 873 885 minore
894 826 1047 904 stipendio,
1063 825 1117 885 alia
1130 835 1208 903 parte
1222 829 1329 905 stIpen·

244 928 285 988 dii
299 928 353 986 sibi
365 919 520 985 retenta.''¹
548 925 632 993 Quod
646 926 671 982 si
685 935 805 992 constet,
820 925 926 984 donnrn
940 926 994 983 sibi
1011 926 1137 984 voluisse
1151 926 1241 984 facere
1262 945 1328 986 eum

155 1043 157 1052 ’
245 1029 294 1102 qui
306 1026 519 1103 eleemosynam
535 1024 621 1094 dedit,
636 1034 665 1082 et
684 1009 792 1083 tanturn
813 1035 910 1101 petere
931 1025 1073 1098 quendam
1088 1043 1238 1084 numerum
1259 1027 1330 1084 Mis·

244 1144 347 1195 samm,
361 1124 471 1184 videtur
489 1124 575 1183 licere
596 1125 705 1183 Missas
725 1124 772 1182 alii
795 1123 904 1184 tradere
919 1124 1113 1193 celebrandas,
1135 1125 1192 1182 nisi
1212 1122 1332 1185 donator

243 1226 359 1284 omniuo
373 1225 494 1284 voluerit
513 1242 561 1282 eas
575 1225 610 1282 ab
630 1224 694 1300 ipso
714 1222 866 1288 celebrari:
888 1242 945 1296 quo
965 1243 1032 1282 casu
1052 1225 1106 1283 erit
1125 1222 1244 1282 mortale
1263 1226 1328 1304 ejus

243 1325 417 1384 voluntatem
430 1318 605 1400 negligere.²

285 1426 352 1482 144.
375 1423 445 1482 Non
470 1421 538 1485 licet
558 1421 774 1497 eleemosynam
794 1420 924 1497 achpere
944 1420 981 1478 ob
1004 1421 1126 1480 Missam
1150 1439 1236 1494 quam
1265 1423 1330 1495 quis

243 1523 345 1582 obtulit
356 1540 408 1599 pro
422 1540 456 1581 eo
470 1523 520 1595 qui
537 1521 670 1598 proxime
691 1520 906 1596 eleemosynam
927 1519 1064 1580 offerret:
1085 1539 1151 1579 nam
1170 1520 1200 1579 id
1214 1521 1330 1580 vetitum

246 1630 290 1680 est
302 1639 317 1678 a
331 1621 363 1678 S.
379 1620 621 1698 congregatione,
642 1620 806 1678 auctoritate
819 1619 903 1678 Pauli
924 1618 971 1676 V:
994 1619 1046 1678 sed
1069 1620 1117 1692 qui
1131 1620 1238 1679 Missas
1259 1621 1332 1680 cele·

244 1721 337 1778 braret
355 1736 407 1794 pro
427 1718 551 1792 quodam
571 1701 766 1787 determinate,
780 1737 903 1776 noscens
924 1717 1097 1795 stipendium
1118 1717 1254 1796 deinceps
1276 1720 1332 1778 sibi

244 1818 432 1887 offerendum,
447 1819 633 1886 satisfaceret,
648 1829 677 1876 et
696 1817 766 1875 illud
778 1819 898 1876 retinere
920 1827 1025 1894 posset.
1068 1819 1209 1894 injustum
1224 1818 1296 1876 soret
1317 1839 1333 1875 a

242 1917 371 1995 pluribus
398 1917 583 1993 eleemosyna
597 1928 721 1994 accepta,
742 1917 858 1975 unicum
878 1936 929 1994 pro
951 1917 1081 1976 omnibns
1104 1916 1206 1975 offerre
1227 1917 1332 1974 sacrifi·
1380 1984 1390 1993 x

246 2017 331 2085 cium,
346 2035 380 2074 eo
395 2025 531 2094 praetextu
545 2016 623 2089 quod
645 2015 748 2074 infiniti
763 2017 799 2073 sit
818 2017 930 2084 valoris:
946 2035 1011 2074 narn
1026 2035 1063 2074 ex
1083 2016 1224 2074 Ecclesiae
1237 2027 1332 2075 mente

244 2125 272 2172 et
291 2133 328 2172 ex
347 2114 473 2174 dantium
494 2115 663 2183 intentione,
679 2125 753 2173 totus
774 2115 880 2173 fructus
899 2115 1033 2190 specialis
1058 2115 1191 2174 sacrificii
1212 2115 1332 2192 slogulis

244 2214 364 2272 seorsim
377 2225 421 2272 est
430 2213 616 2290 applicandus
629 2235 636 2272 :
653 2223 825 2291 quapropter
837 2213 969 2273 damnata
978 2225 1022 2272 est
1032 2215 1207 2292 propositio:
1231 2223 1250 2250 “
1261 2215 1331 2274 Non

246 2323 289 2372 est
302 2321 399 2371 contra
417 2313 555 2389 justitiam
575 2331 628 2388 pro
648 2314 775 2391 pluribus
796 2313 943 2371 sacrificiis
963 2313 1137 2389 stipendium
1150 2315 1289 2391 accipere,
1304 2327 1334 2375 et
1419 2310 1430 2320 ⁸

244 2411 414 2469 sacrificium
434 2429 523 2468 unum
544 2411 655 2481 offerre,
676 2430 768 2485 neque
789 2414 875 2469 etiarn
901 2420 998 2468 contra
1024 2410 1202 2481 fidelitatem,
1221 2413 1333 2474 etiamsi

246 2509 420 2587 promittam,
435 2510 626 2590 promissione
639 2513 721 2570 etiam
733 2512 895 2588 juramento
910 2511 1029 2576 firmata,
1048 2508 1124 2567 danti
1149 2508 1332 2586 stipendium,

215 2623 219 2629 '
243 2609 321 2684 quod
334 2627 386 2686 pro
400 2609 478 2670 nullo
492 2609 546 2666 alio
560 2605 727 2690 offeram.”³
747 2609 889 2668 Damnata
903 2618 946 2666 cst
958 2610 1042 2667 etiam
1057 2609 1142 2666 altera
1154 2609 1328 2685 propositio:

243 2709 457 2786 “Duplioatum
480 2706 653 2784 stipendium
674 2719 769 2786 potest
789 2708 921 2768 sacerdos
942 2726 995 2787 pro
1014 2708 1113 2767 eadem
1137 2709 1231 2768 Missa
1253 2708 1330 2770 licite

18 2857 24 2868 .
81 2807 92 2818 “
148 2791 176 2853 f«
243 2810 382 2886 accipere,
397 2807 568 2884 applicando
589 2809 697 2884 petenti
723 2803 830 2884 partem
851 2811 935 2869 etiarn
956 2809 1192 2886 specialissimam
1218 2808 1233 2868 f
1238 2819 1334 2870 ructus

243 2907 358 2984 ipsimet
377 2907 529 2964 celebranti
549 2908 840 2985 correspondentem:
862 2908 947 2980 idque
968 2917 1034 2985 post
1056 2909 1199 2967 decretum
1223 2909 1332 2972 Urbani

244 2999 368 3065 vl11.”⁴
388 3007 420 3064 S.
436 3004 639 3083 Congrcgatio,
653 3009 738 3065 etiam
760 3009 894 3083 probante
916 3006 1033 3064 Urbano
1053 3007 1138 3065 VIII.
1160 3006 1329 3067 declaravit:

245 3115 265 3142 ‘⁶
274 3105 452 3172 Sacerdotes,
468 3088 569 3177 quibus
584 3105 683 3165 diebus
698 3114 826 3165 tenentur
836 3106 943 3163 Missas
957 3104 1111 3173 celebrare,
1125 3105 1234 3161 ratione
1248 3107 1332 3164 bene·

245 3205 314 3273 ficii,
328 3223 380 3263 seu
400 3205 526 3280 capellae,
539 3204 636 3282 legati,
652 3216 700 3264 aut
720 3205 824 3274 salarii,
839 3205 865 3262 si
878 3206 1079 3280 eleemosynas
1092 3222 1144 3280 pro
1164 3202 1227 3260 aliis
1248 3205 1333 3264 etiam

244 3305 345 3363 Missis
371 3302 557 3372 celebrandis,
572 3307 758 3382 susceperint,
781 3324 839 3364 non
865 3323 951 3382 posse
977 3303 1078 3362 eadem
1103 3303 1196 3362 Missa
1222 3304 1331 3378 utrique

243 3403 408 3480 obligationi
421 3400 634 3462 satisfacerem
1394 3387 1397 3396 '

283 3506 350 3560 145.
373 3503 530 3562 Missarum
548 3503 744 3570 mercimonia,
766 3519 822 3576 qua
842 3503 906 3575 quis
920 3500 1118 3578 eleemosynas
1132 3501 1269 3580 colligens
1283 3502 1331 3560 ubi
1381 3562 1382 3565 ,

242 3603 365 3680 majores
386 3602 497 3671 dantur,
521 3603 630 3660 Missas
654 3603 720 3660 alibi
742 3602 845 3662 minori
865 3601 1008 3678 stipendio
1028 3601 1164 3660 celebrari
1177 3613 1264 3672 curat,
1279 3603 1331 3662 sub

241 3701 546 3761 excommunicatIonis
585 3721 671 3779 poena
704 3701 795 3769 laicis,
846 3702 1042 3778 suspensionis
1076 3721 1145 3762 vero
1185 3715 1333 3762 reservatae

244 3799 389 3868 Pontifici,
403 3801 513 3860 clericis
527 3815 556 3860 et
568 3801 763 3860 sacerdotibus
777 3795 913 3860 ιιειεῐιιι.ὓ

285 3901 352 3956 146.
374 3890 588 3978 Eleemosyuas
609 3901 643 3960 ab
664 3901 804 3960 haereticis
824 3920 882 3960 non
896 3902 964 3960 licet
977 3902 1107 3979 accipere
1122 3919 1156 3958 ea
1169 3901 1332 3959 conditione

242 4006 273 4054 ut
285 3984 408 4056 Missam
422 4018 474 4076 pro
496 4001 532 4060 iis
552 4001 718 4068 offeramus,
739 4019 828 4073 quum
851 4001 924 4060 soret
943 3998 1074 4074 quaedam
1095 4000 1124 4056 iu
1145 3999 1233 4056 sacris
1256 4015 1332 4056 com·

278 4212 320 4278 (l)
339 4211 385 4262 IX.
394 4210 591 4264 interdumnatas
602 4215 632 4264 ab
643 4213 783 4264 Alexandro
797 4211 851 4260 VII.
892 4213 945 4280 ι(2)
964 4209 1028 4260 Vide
1040 4208 1067 4256 S.
1078 4206 1153 4270 Alpb.
1164 4207 1181 4257 l.
1192 4205 1224 4256 vi.
1236 4211 1330 4258 11:321.

276 4297 319 4363 (3)
338 4296 372 4345 Χ.
383 4297 447 4348 inter
458 4298 585 4348 damnatas
596 4299 626 4348 ab
637 4297 777 4348 Alexandro
790 4294 846 4343 VII.
905 4295 947 4361 (4)
968 4290 1037 4342 VIII.
1049 4315 1117 4328 —-
1129 4289 1224 4340 ibidem.

273 4383 316 4448 (5)
335 4381 365 4432 In
376 4382 487 4434 Bullario
500 4390 559 4434 tom.
570 4384 603 4434 iv.
613 4399 638 4448 p.
650 4385 692 4431 91.

277 4465 319 4534 (6)
338 4466 433 4519 Bened.
444 4467 514 4516 XIV.
528 4468 614 4518 (donst.
627 4466 687 4516 xxii.
703 4465 806 4526 Quanto
815 4477 884 4522 cura,
896 4467 954 4510 tom.
963 4460 981 4512 i.
992 4457 1095 4510 Bullarii
1103 4473 1127 4523 p.
1139 4463 1179 4511 55.
