3144 5192
242 535 301 592 2³4
500 525 556 586 DE
578 525 763 586 MUNERE
786 523 1075 584 CONFESSARII.

246 709 299 758 tur.
342 695 432 774 Igitur
451 703 564 772 oportet
585 693 664 752 atatis
684 692 762 750 horis
786 693 815 750 in
837 691 968 749 tribunali
988 689 1098 758 adesse,
1120 699 1148 748 et
1167 690 1337 766 prenitentes

243 795 323 858 omni
344 804 473 869 ternpore
493 793 617 869 benigne
637 792 780 867 excipere.
822 789 911 848 Juxta
937 790 969 846 S.
991 787 1027 846 C.
1049 788 1163 846 decreta
1181 789 1334 846 mulierum

246 893 443 956 conlessiones
456 911 515 952 nou
528 902 596 950 suut
609 901 675 968 post
688 889 757 946 solis
771 906 905 946 occasum
918 887 1113 965 excipienda:
1136 906 1153 943 a
1165 905 1221 960 qua
1241 897 1338 945 tamen

244 995 344 1073 regula
356 993 511 1052 necessitas
522 992 637 1068 cogitut
648 990 676 1047 in
687 988 846 1046 civitatibus
857 987 1029 1064 oppidisque
1042 985 1231 1053 discedamus,
1247 1005 1336 1058 quum

247 1093 358 1154 ancillas
378 1093 427 1149 vix
447 1103 552 1164 queam
571 1089 627 1146 nisi
648 1095 715 1164 post
735 1086 805 1145 solis
829 1104 963 1146 occasum
983 1085 1128 1144 accedere.
1170 1083 1338 1144 Curandum

246 1203 341 1252 tamen
354 1201 386 1249 ut
404 1190 517 1248 nonnisi
531 1189 561 1246 iu
574 1179 706 1253 ecclesia,
721 1184 877 1259 etquidem
892 1185 1023 1244 fidelibus
1044 1184 1130 1242 simul
1150 1185 1336 1261 congregatis,

249 1291 405 1351 audiantur.

493 1503 518 1577 §.
534 1501 587 1560 vl.
629 1500 678 1560 De
699 1517 826 1558 caiuma
849 1516 1094 1557 sourorrarrours.

289 1685 360 1741 233.
383 1679 442 1739 Vix
463 1679 599 1738 audemus
621 1679 655 1738 de
681 1679 787 1738 scelere
814 1679 932 1737 immani
956 1678 1044 1752 loqui,
1070 1697 1127 1751 quo
1150 1677 1338 1737 confessionis

252 1779 399 1840 audiendae
414 1798 517 1838 munus
531 1780 560 1837 in
574 1780 684 1837 ruinam
706 1780 866 1837 animarum
886 1779 1011 1844 vertitur,
1026 1777 1157 1836 nefandis
1178 1777 1339 1835 hominibus

253 1881 313 1940 suis
328 1877 527 1957 cupiditatibus
541 1878 772 1950 obsequentibus.
815 1877 933 1936 Utinam
947 1877 976 1935 id
990 1877 1051 1934 sola
1060 1877 1161 1936 mentis
1170 1877 1339 1953 cogitatione

253 1980 378 2056 concipi,
390 1986 418 2035 et
438 1978 472 2035 ab
493 1977 614 2036 inimicis
628 1975 705 2044 fidei,
719 1975 910 2034 calumniandi
929 1975 1057 2044 libidine,
1072 1977 1217 2034 inventum
1238 1975 1341 2032 babere

253 2078 354 2136 liceat!
389 2075 448 2133 Sed
474 2093 537 2146 quae
558 2075 713 2132 Pontifices
732 2073 846 2132 edidere
866 2075 978 2134 decreta
995 2074 1030 2132 ad
1055 2075 1230 2134 sanctitatem
1250 2092 1342 2132 sacra-

255 2175 343 2233 menti
355 2171 487 2231 tuendam
501 2174 631 2248 ignorare
645 2191 702 2231 non
716 2181 836 2249 oportet.

291 2276 362 2330 2³4.
385 2271 542 2347 Gregorius
551 2272 619 2329 XV.
630 2271 714 2331 Bulla
726 2271 800 2331 edita
808 2291 882 2331 anno
895 2277 982 2339 1622,
993 2273 1118 2350 injunxit
1128 2271 1341 2344 inquisitoribus

256 2380 287 2432 ut
300 2369 486 2450 procederent
499 2381 596 2430 contra
616 2389 717 2430 omnes
731 2382 760 2430 et
779 2372 907 2450 singulos
927 2371 1086 2430 sacerdotes
1108 2380 1162 2428 tam
1184 2371 1343 2435 seculares,

258 2490 344 2546 quam
358 2471 512 2548 regulares,
524 2470 740 2544 quomodolibet
752 2481 912 2548 exemptos,
927 2490 959 2529 ac
974 2470 1043 2528 Sodi
1057 2469 1231 2547 Apostolicae
1245 2468 1345 2526 imme·

259 2569 333 2630 diate
353 2571 507 2648 subjectos,
529 2587 774 2642 quorumcumque
795 2569 938 2638 ordinum,
953 2571 1154 2637 institutorum,
1168 2569 1343 2636 societatum,

183 2656 185 2662 ’
258 2679 287 2727 31
306 2669 568 2744 congregationum,
591 2669 796 2744 cujuscumque
823 2667 967 2744 dignitatis
994 2679 1023 2726 et
1046 2667 1276 2745 praeminentia,
1298 2674 1345 2724 aut

259 2766 362 2838 quovis
388 2765 538 2842 privilegio
563 2775 591 2822 et
614 2766 721 2824 indulto
748 2769 884 2834 munitos,
911 2768 960 2839 qui
992 2768 1117 2841 aliquem
1150 2767 1343 2843 proritantem,

258 2881 446 2936 quaecumque
467 2881 590 2939 persona
602 2864 651 2923 illa
670 2865 717 2933 sit,
731 2865 776 2922 vel
790 2865 820 2922 in
834 2874 897 2922 actu
911 2867 1121 2926 sacramentalis
1142 2865 1343 2932 confessionis,

257 2962 303 3021 vel
316 2970 379 3022 ante
393 2962 439 3021 vel
451 2961 615 3022 immediate
626 2972 690 3041 post
697 2965 916 3036 consessionem,
925 2966 970 3024 vel
978 2968 1139 3032 occasione,
1148 2974 1196 3025 aut
1209 2974 1346 3042 praetextn

259 3061 457 3134 consessionis,
486 3064 515 3122 in
538 3064 750 3131 confessionali,
776 3065 837 3122 sive
864 3066 893 3124 in
917 3065 972 3123 alio
997 3063 1062 3124 loco
1088 3065 1124 3123 ad
1149 3063 1344 3124 consessiones

260 3162 415 3222 audiendas
435 3161 585 3231 destinato,
612 3174 660 3222 aut
682 3164 782 3245 clectq,
806 3183 873 3222 cum
893 3165 1073 3223 simulatione
1091 3163 1224 3224 audiendi
1241 3163 1347 3221 ibidem

259 3263 481 3329 confessionem,
496 3261 530 3320 ad
545 3261 695 3322 inhonesta
716 3271 743 3319 et
763 3263 855 3339 turpia
874 3263 1027 3331 solicitare,
1041 3263 1087 3322 vel
1108 3282 1272 3341 provocare,
1286 3263 1346 3320 sive
1389 3279 1393 3286 ·

260 3362 366 3428 verbis,
381 3361 440 3417 sive
454 3361 555 3437 signis,
570 3361 630 3419 sive
644 3363 770 3428 nutibus,
785 3361 845 3419 sive
860 3370 944 3428 tactu,
959 3362 1019 3419 sive
1038 3381 1089 3439 per
1108 3365 1287 3439 scripturam,
1301 3369 1347 3419 aut

262 3469 339 3529 tunc,
349 3468 397 3517 aut
406 3469 471 3536 post
479 3459 637 3536 legendam,
648 3461 823 3528 tentaverint,
834 3469 880 3518 aut
890 3479 956 3519 oum
966 3461 1008 3518 eis
1017 3461 1131 3520 illicitos
1142 3471 1169 3519 et
1182 3461 1348 3519 inhonestos

261 3575 419 3624 sermones,
441 3556 486 3614 vel
507 3567 648 3626 tractatus,
664 3559 812 3616 temerario
832 3577 902 3617 ausu
929 3559 1115 3628 habuerint;”
1137 3570 1165 3618 et
1190 3558 1349 3618 monendos

262 3656 432 3732 prenitentes
467 3656 557 3713 voluit
583 3656 754 3714 Benedictus
777 3657 861 3714 XIV.
889 3657 924 3716 de
957 3659 1126 3736 obligatione
1159 3657 1350 3718 denunciandi

263 3751 488 3826 inquisitoribus,
516 3754 576 3810 sive
602 3755 728 3813 locorum
756 3755 905 3814 ordinariis
928 3758 1081 3834 predictis,
1108 3777 1261 3836 personam
1288 3775 1349 3830 que

264 3851 481 3937 solicitationem
496 3853 680 3922 commiserit,
696 3853 807 3911 etiamsi
820 3854 952 3916 sacerdos
966 3859 1012 3925 sit,
1027 3859 1076 3930 qui
1095 3858 1295 3934 jurisdictione
1316 3854 1350 3912 ad

265 3952 471 4014 absolutionem
484 3951 576 4010 valide
588 3953 805 4030 impertiendam
819 3965 921 4023 careat,
937 3957 1143 4017 autsolicitatio
1156 3957 1228 4015 inter
1242 3955 1352 4014 conses-

264 4055 369 4114 sarium
396 4062 425 4110 et
450 4053 634 4129 poenitentem
661 4064 758 4112 mutua
784 4053 876 4123 suerit,
904 4057 964 4112 sive
997 4056 1178 4116 solicitatioui
1210 4056 1351 4134 poenitens

264 4153 449 4220 consenserit,
465 4153 525 4211 sive
535 4172 706 4212 consensum
721 4154 838 4212 minime
853 4156 1023 4230 praestiterit,
1039 4156 1085 4214 vel
1101 4156 1219 4234 longum
1240 4165 1352 4229 tempus

264 4260 330 4328 post
342 4252 433 4328 ipsam
449 4253 665 4313 solicitationem
677 4255 737 4330 jam
751 4253 903 4319 effluxerit,
918 4262 964 4310 aut
977 4254 1129 4314 solicitatio
1146 4275 1162 4314 a
1175 4251 1353 4320 confessario

265 4369 323 4408 non
345 4369 398 4426 pro
423 4352 530 4426 seipso,
552 4353 601 4410 sed
626 4373 677 4430 pro
704 4354 759 4410 alia
779 4371 901 4429 persona
927 4362 1039 4429 peracta
1064 4354 1157 4413 suerit.
1193 4352 1354 4410 “Caveant

267 4448 415 4527 insuper,’'
430 4451 521 4528 pergit
545 4452 689 4520 Pontifex,
705 4460 723 4488 ‘⁶
735 4451 885 4528 diligenter
897 4452 1071 4523 confessarii,
1086 4472 1121 4512 ne
1142 4451 1353 4533 poenitentibus,
