3172 5172
599 537 657 600 DE
679 536 988 598 OON'I'RITIONE.
1283 545 1339 602 137

249 705 334 766 malis
347 707 455 783 peccati
468 706 615 766 effectibus
635 706 808 783 penitentie
828 703 1048 783 supernaturalis
1067 713 1198 764 nascamr
1209 709 1333 768 occasio.

255 801 452 874 Universae,
467 806 503 864 sit
515 815 626 883 oportet
638 807 735 865 omnia
748 805 892 882 respicien
905 813 1038 881 speocata
1050 804 1157 881 gravia,
1172 823 1235 878 quar
1248 809 1337 884 poeni·

250 912 312 964 tens
325 903 438 964 admisit
449 925 457 962 r
467 912 499 942 “⁸
510 905 625 965 Falsam
640 905 834 982 penitentiam
846 903 1062 972 esseconstat‚”
1076 905 1170 976 inquit
1183 905 1336 966 concilium

248 1000 439 1064 Lateranense
449 1004 503 1073 11„
515 1012 535 1040 ‘⁴
544 1024 610 1064 cum
618 1005 720 1082 spretis
728 1004 867 1080 pluribus,
876 1003 911 1062 de
921 1022 979 1063 unc
988 1004 1051 1063 solo
1058 1004 1226 1080 penitentia
1234 1007 1336 1084 agitur,

247 1111 373 1163 anteum
386 1104 429 1162 sic
439 1104 532 1182 agitur
540 1103 576 1162 de
589 1122 656 1174 uno,
667 1112 764 1163 utnon
777 1103 938 1162 discedatur
948 1103 983 1162 ab
991 1103 1057 1161 alio.
1100 1103 1187 1163 Unde
1199 1106 1337 1182 scriptum

249 1212 309 1261 est:
333 1203 411 1270 ‘Qui
432 1211 518 1262 totam
532 1203 627 1281 legem
648 1203 847 1270 observaverit,
862 1201 987 1260 offendat
1006 1211 1099 1260 autem
1113 1203 1143 1260 iu
1163 1220 1232 1271 nno,
1247 1204 1336 1262 lactus

247 1311 290 1361 est
302 1302 433 1362 omnium
452 1320 518 1360 reus
528 1301 548 1359 τ’
570 1303 681 1360 scilicet
699 1309 836 1373 quantum
851 1299 886 1357 ad
898 1302 985 1358 vitam
999 1310 1152 1369 aetemamr
1172 1302 1335 1361 sicutenim

246 1404 271 1460 si
288 1401 412 1478 peccatis
435 1410 512 1458 esset
531 1402 665 1460 omnibns
684 1399 839 1467 involutus,
858 1399 897 1456 ita
918 1400 944 1456 si
963 1399 993 1456 in
1007 1417 1066 1457 uno
1085 1408 1192 1458 tantum
1214 1413 1334 1469 maneat,

246 1511 358 1558 oeoerne
371 1500 436 1557 vitae
445 1501 564 1576 januam
574 1519 633 1560 non
646 1490 807 1558 intrabit.”1
848 1497 968 1575 Singula
980 1506 1096 1573 peccata
1108 1499 1224 1576 speciali
1237 1500 1336 1559 dolore

246 1599 381 1657 detestari
401 1615 519 1656 necesse
533 1607 663 1658 nonest:
685 1599 744 1656 imo
757 1615 811 1654 nec
830 1596 946 1672 expedit
958 1615 1021 1669 quae
1040 1597 1148 1657 lubrica
1161 1609 1227 1658 suut
1238 1601 1335 1659 animo

247 1695 396 1756 revolvere
409 1715 416 1753 :
438 1696 490 1755 sed
499 1699 594 1758 omnia
604 1715 721 1775 prorsus
732 1695 885 1772 rejicienda
897 1705 973 1764 sunt,
986 1705 1014 1754 ct
1027 1712 1090 1768 quae
1101 1699 1229 1757 animum
1242 1700 1333 1776 ma'gis

183 1839 187 1860 ,
247 1796 412 1856 devinctum
423 1805 582 1866 tenuerunt,
591 1815 706 1855 summo
714 1795 781 1854 odio
794 1795 928 1870 prosequi
936 1788 1075 1871 oportet.²
1099 1797 1334 1873 Siquispecoato

244 1895 365 1972 graviori
386 1893 523 1964 admisso,
538 1895 610 1956 illud
629 1895 794 1954 confiteatur
813 1911 879 1952 cum
893 1912 960 1952 vera
979 1894 1165 1954 detestatione
1174 1905 1204 1954 et
1222 1894 1331 1964 dolore,

244 1993 318 2053 haud
331 1994 384 2052 sibi
398 1996 532 2054 conscius
547 1995 661 2054 alterius
675 1993 783 2071 peceati
793 1993 879 2051 etiam
892 1994 1028 2062 mortalis,
1044 1994 1122 2066 quod
1136 1995 1231 2054 animo
1244 1995 1331 2064 fovet,

245 2093 507 2172 querunttheologi
516 2103 611 2154 utrum
631 2101 838 2152 sacramentum
848 2093 1020 2168 poenitentie
1040 2096 1187 2171 suscipere
1197 2093 1334 2154 dicendus

247 2193 299 2250 sit:
321 2211 373 2251 seu
385 2193 426 2250 uti
438 2193 601 2253 scholastici
615 2193 779 2265 loquuntur,
793 2201 887 2250 utrum
901 2202 1109 2254 sacramentum
1129 2194 1186 2253 hoc
1206 2194 1331 2253 validum

246 2307 309 2348 esse
322 2291 422 2366 possit,
437 2300 464 2349 et
477 2292 607 2351 informe.
642 2293 776 2365 Plerique
791 2291 819 2349 id
831 2290 980 2358 affirmant,
990 2291 1057 2364 quia
1070 2293 1226 2360 consessio,
1239 2292 1331 2360 dolor,

247 2397 276 2446 et
288 2389 427 2448 absolutio
439 2389 587 2459 habentur,
597 2410 660 2464 quae
670 2391 705 2449 ad
718 2391 843 2450 valorem
857 2391 1026 2448 sacramenti
1040 2391 1171 2448 videntur
1183 2389 1331 2449 sufficere:

247 2486 323 2560 quod
337 2497 431 2547 autem
451 2491 547 2566 gratim
562 2491 635 2549 obex
649 2509 686 2549 cx
705 2499 822 2566 peceato
836 2489 892 2547 alio
912 2489 1026 2555 oriatur,
1040 2489 1106 2548 saclt
1125 2497 1332 2548 sacramentum

245 2586 376 2646 informe.
418 2587 509 2649 Dolor
531 2591 617 2667 igitur
636 2590 805 2648 universalis
819 2605 884 2646 csse
897 2587 988 2656 debet,
1004 2585 1075 2646 adeo
1088 2599 1119 2646 ut
1138 2588 1227 2648 homo
1247 2607 1333 2649 omne

245 2697 391 2763 peccatum
405 2707 421 2746 a
434 2706 465 2746 sc
485 2691 616 2767 projiciat
628 2699 657 2746 et
673 2689 837 2756 detestetur,
852 2705 909 2763 quo
928 2707 996 2747 casu
1016 2688 1087 2748 nulli
1107 2688 1222 2747 dubium
1243 2708 1334 2748 sacra·

244 2787 331 2844 menti
342 2787 463 2848 fructum
475 2789 583 2858 haberi,
593 2788 660 2847 licet
670 2798 819 2865 peccatum
830 2789 1186 2849 memoriaenonoccurrat.
1212 2787 1334 2868 Efficaae

244 2886 376 2945 contritio
389 2889 427 2945 sit
440 2905 556 2946 necesse
570 2896 623 2956 est,
638 2898 776 2962 quatenus
790 2889 916 2948 animum
931 2887 1032 2946 avellat
1044 2909 1060 2946 a
1072 2899 1200 2964 peccato,
1214 2897 1241 2946 et
1254 2899 1333 2964 paret

244 2985 280 3043 ad
303 2987 401 3044 omnia
419 2985 548 3046 facienda
567 2988 670 3060 quibus
691 2987 787 3064 laprsu
808 2988 926 3045 vitetur:
950 3004 1003 3044 nec
1023 2987 1100 3045 enim
1120 2987 1227 3044 sufficit
1245 2988 1334 3045 animi

245 3084 426 3162 displicentia
452 3103 514 3159 quae
537 3105 601 3145 cum
626 3089 736 3163 peccati
756 3086 860 3144 affectu
888 3085 1039 3161 conjuncta
1058 3093 1112 3141 est.
1155 3083 1234 3141 Hinc
1256 3093 1334 3141 vates
1443 3087 1453 3098 ·’

244 3183 386 3244 hortatur:
415 3186 576 3263 “projicite
599 3205 615 3244 a
638 3187 719 3246 vobis
742 3204 844 3244 omnes
868 3185 1029 3258 iniquitates
1051 3194 1158 3242 vestras
1181 3182 1334 3254 inquibus

247 3285 419 3359 prevaricati
439 3285 517 3353 estis,
539 3293 568 3342 et
586 3284 669 3344 sacite
690 3286 770 3345 vobis
786 3304 835 3344 cor
854 3303 960 3342 novum
980 3292 1009 3342 et
1028 3283 1158 3360 spiritum
1178 3278 1334 3340 novum.’'³

248 3379 376 3442 Summa
388 3384 473 3443 debet
485 3402 550 3442 esse
563 3385 704 3453 contritio,
714 3384 786 3442 adeo
796 3394 827 3442 ut
836 3384 924 3442 homo
937 3393 1083 3458 peccatum
1097 3401 1154 3458 prae
1166 3383 1222 3440 alio
1233 3383 1334 3453 quovis

245 3483 321 3542 malo
347 3483 511 3551 detestetur,
533 3493 561 3542 et
585 3484 681 3543 auimo
707 3494 820 3561 paratus
846 3484 884 3541 sit
908 3481 979 3540 illud
998 3500 1153 3555 numquam
1175 3480 1333 3550 admittere,

245 3582 354 3642 etiamsi
365 3592 494 3660 oporteat
504 3583 611 3642 idcirco
621 3584 718 3661 gravia
727 3601 917 3657 quecumque
931 3582 1059 3644 tolerare.
1096 3580 1336 3642 “Convertimini

245 3679 280 3738 ad
292 3682 371 3751 me,'’
393 3684 489 3756 inquit
500 3682 593 3751 Dan,
615 3691 635 3720 ⁴⁴
646 3684 677 3741 in
696 3683 859 3742 totocorde
880 3674 1022 3742 vestro.”⁴
1062 3683 1194 3742 Attamen
1216 3702 1336 3742 necesse

246 3797 304 3838 non
316 3790 360 3838 est
372 3791 403 3839 ut
421 3782 619 3842 vehementior
632 3784 669 3842 rit
688 3782 795 3842 doloris
817 3802 930 3853 sensus,
945 3784 994 3857 qui
1014 3784 1181 3860 plerumque
1194 3803 1231 3842 ex
1251 3785 1335 3842 rebus

247 3895 310 3949 qum
323 3897 426 3939 sensus
446 3881 574 3942 afficiunt
585 3882 696 3942 facilius
717 3885 822 3952 oritu13
843 3883 892 3941 sed
913 3883 1018 3942 sufficit
1031 3892 1063 3942 ut
1075 3884 1163 3942 animi
1178 3882 1288 3959 judicio
1309 3887 1337 3934 et

246 3978 433 4039 aestimatione
458 3993 607 4058 peccatum
623 3984 709 4043 'malo
736 3984 838 4057 quovis
865 3983 921 4042 alio
950 3982 1064 4060 gravius
1090 3981 1235 4045 habeatur,
1259 3975 1336 4049 quod

242 4077 371 4138 voluntas
384 4080 505 4156 proinde
518 4101 575 4159 pra
590 4083 698 4142 caeteris
711 4084 795 4142 malis
809 4091 952 4140 aversatur
965 4092 994 4139 et
1006 4080 1109 4156 rejicit.
1155 4077 1187 4134 S.
1203 4075 1334 4133 Thomas

243 4194 304 4238 rem
317 4178 442 4240 dilucide
456 4183 597 4259 explieat:
622 4190 641 4218 “
650 4183 680 4241 in
692 4183 862 4242 contritione
875 4191 919 4240 est
931 4180 1038 4256 duplex
1051 4176 1142 4235 dolor.
1198 4175 1281 4234 Unus
1295 4184 1338 4232 eat

347 4397 391 4464 (1)
411 4395 475 4461 θαι·
487 4397 547 4448 xxii·
863 4391 905 4457 (a)
926 4389 952 4438 s.
964 4388 1038 4452 arpa.
1050 4388 1066 4436 1.
1077 4387 1108 4436 vi.
1119 4402 1144 4436 n.
1156 4388 1213 4436 aaa

347 4482 393 4548 (³)
415 4480 506 4534 uzeca.
518 4483 635 4538 avium.
860 4477 903 4544 (4)
922 4473 1071 4526 Joel.ii.1a.

765 4577 828 4636 13*
